4416 6366
411 573 468 621 102
924 562 1018 614 ACTA
1037 564 1199 616 CAPITULI
1218 565 1473 619 POZNANIENSIS

404 651 571 658 *κ’-
971 658 1124 664 .-—-.-.-
1166 660 1173 665 .
1187 659 1301 666 ——..---
1316 661 1390 666 -——
1408 661 1592 668 ————..-.
1605 663 1956 676 ——·-——-—--—..——

405 772 494 852 quod
518 773 653 834 eandem
678 775 870 856 quantocius
894 777 1042 842 restituat
1066 777 1187 840 salvam
1211 791 1245 871 et
1269 779 1400 853 illesam,
1428 781 1570 864 alloquio
1601 785 1627 846 si
1656 785 1760 865 ipsam
1783 787 1958 852 ammiserit

404 898 460 942 seu
485 880 666 960 perdiderit,
692 892 811 945 extunc
836 884 971 946 similem
996 887 1142 966 promisit
1167 907 1201 948 se
1225 887 1312 967 apud
1328 885 1447 950 Sedem
1464 889 1695 970 Apostolicam
1712 893 1957 973 impetraturum

404 987 455 1048 vel
479 1008 539 1066 pro
563 1009 600 1050 ea
624 991 856 1072 quinquaginta
880 991 947 1054 1101.
973 1001 1049 1073 post
1075 993 1153 1056 infra
1178 995 1458 1082 mediumlannum
1475 997 1665 1074 soluturum,
1690 1001 1772 1063 sicut
1787 1021 1822 1063 se
1839 1001 1956 1064 ibidem

405 1105 524 1173 sponte
548 1095 696 1158 submisit
720 1109 753 1159 et
777 1099 934 1178 promisit.

620 1307 662 1369 A.
694 1321 784 1388 1459,
809 1309 1004 1374 Novembris
1034 1329 1079 1383 12,
1104 1315 1135 1374 111
1160 1315 1302 1394 capitulo
1326 1317 1478 1396 generali.

512 1444 672 1530 5211111.
698 1451 797 1531 219⁰).
823 1451 904 1513 Item
929 1453 1056 1534 prefato
1082 1453 1147 1516 dno
1171 1453 1358 1535 Kyelbassa
1384 1461 1509 1522 notario
1534 1459 1574 1522 R.
1599 1460 1676 1524 Mtis
1693 1471 1759 1523 tres
1777 1481 1899 1524 marcas
1917 1462 1957 1523 de

405 1555 513 1634 gracia
535 1556 747 1622 donaverunt.

618 1767 661 1830 A.
693 1783 783 1848 1459,
808 1769 1005 1834 Novembris
1035 1790 1080 1851 14,
1105 1773 1135 1835 10
1161 1775 1303 1854 capitulo
1327 1777 1479 1856 generali.

513 1905 600 1972 521.
625 1907 671 1990 (ll.
700 1913 799 1991 219⁰).
824 1913 905 1974 ltem
930 1913 995 1974 dno
1019 1916 1154 1987 custodi,
1179 1917 1229 1978 cui
1252 1917 1369 1980 delecit
1393 1939 1495 1999 equus
1515 1921 1602 1982 eunti
1620 1922 1650 1981 in
1668 1921 1808 2002 negocio
1825 1921 1957 2000 capituli

405 2014 445 2074 ad
469 2015 493 2076 P
506 2037 528 2095 y
541 2037 561 2077 o
575 2027 588 2078 t
601 2017 678 2079 rlro
692 2039 712 2080 v
725 2019 733 2080 i
746 2040 764 2080 a
778 2039 822 2092 m,
847 2021 1058 2084 decreverunt
1082 2023 1150 2084 dari
1173 2023 1236 2086 Vll
1259 2044 1391 2088 marcas.

514 2155 600 2223 522.
625 2159 728 2242 (lbid.)
753 2160 835 2225 Item
860 2164 925 2225 dno
950 2164 1086 2227 Nicolao
1110 2166 1150 2226 dc
1174 2165 1297 2229 Costen
1321 2169 1479 2230 canonico
1504 2170 1706 2232 donaverunt
1730 2170 1809 2232 duas
1832 2189 1956 2232 marcas

406 2265 535 2326 racione
558 2288 784 2346 expensarum,
809 2291 888 2351 quas
913 2270 987 2334 fecit
1011 2271 1119 2334 eundo
1143 2273 1183 2334 ad
1207 2275 1436 2355 synodum
1469 2277 1821 2356 provincialem
1853 2277 1956 2339 Lan·

406 2391 676 2436 crcrensem.

619 2587 661 2648 A.
692 2600 784 2665 1459,
810 2587 1005 2652 Novembris
1035 2606 1080 2671 15,
1105 2594 1137 2654 10
1160 2593 1303 2672 capitulo
1328 2593 1481 2685 generali.

513 2724 601 2792 523.
637 2729 687 2808 (ll.
714 2730 825 2808 zzol..
863 2731 924 2792 Dni
957 2733 1023 2794 visa
1056 2733 1284 2815 significatoria
1315 2739 1449 2798 rectoris
1481 2737 1710 2800 Universitatis
1740 2738 1835 2800 studii
1865 2737 1957 2798 Craci

406 2833 618 2898 decreverunt
641 2835 708 2896 dari
733 2857 827 2918 mgro
851 2837 1076 2920 Dobrogostio
1100 2841 1321 2924 Syracowsky
1345 2864 1404 2906 sex
1428 2864 1553 2906 marcas
1585 2847 1674 2907 iuxta
1706 2845 1956 2924 disposicionem

406 2943 518 3004 statuti
543 2941 582 3003 de
607 2943 821 3006 studentibus.

514 3158 600 3226 524.
626 3159 730 3242 (lbid.)
756 3161 836 3226 Item
854 3161 907 3224 dni
925 3161 1065 3223 decanus
1089 3171 1122 3225 et
1146 3171 1257 3224 custos
1281 3161 1427 3242 deputati
1453 3171 1527 3224 sunt
1551 3161 1592 3220 ad
1616 3162 1955 3246 convencionem

406 3268 437 3328 in
469 3267 721 3349 Pyotrlrow
752 3291 811 3351 pro
844 3271 929 3332 dieta
960 3289 985 3332 s.
1022 3269 1147 3331 Nicolai
1184 3271 1348 3350 proxima,
1386 3267 1503 3349 quibus
1537 3267 1667 3330 cuilibet
1703 3287 1815 3329 eorum
1851 3268 1954 3330 daturi

409 3385 483 3438 sunt
507 3375 568 3437 Vll
591 3396 716 3438 marcas
741 3388 773 3440 et
797 3377 1045 3439 distribuciones
1075 3377 1293 3457 quottidianas
1321 3387 1458 3448 tantum,
1491 3375 1669 3455 dampnum
1701 3395 1786 3448 ver0‚
1818 3375 1956 3456 siquod

406 3481 487 3542 alter
511 3504 622 3546 eorum
647 3495 724 3546 tunc
748 3485 939 3564 perceperit,
964 3483 1171 3564 deputabitur
1196 3485 1346 3562 pacienti.

619 3677 660 3739 A.
692 3692 783 3757 1459,
808 3677 1003 3739 Novembris
1033 3677 1079 3752 16,
1105 3677 1135 3737 in
1160 3677 1303 3756 capitulo
1328 3678 1480 3758 generali.

513 3816 599 3884 525.
625 3820 674 3896 (ll.
701 3823 817 3899 2201..
844 3819 918 3881 Dno
943 3819 1079 3881 Nicolao
1104 3817 1346 3900 Glamboczslry
1369 3819 1595 3880 archidiacono
1612 3821 1741 3880 racione
1757 3819 1959 3880 distribucio-

406 3945 490 3998 nmn,
515 3948 576 4007 que
593 3927 798 4006 presentibus
822 3927 990 3997 dabantur,
1015 3927 1140 3988 interim
1166 3927 1253 4006 quod
1271 3937 1339 3988 erat
1363 3929 1394 3986 111
1418 3946 1502 3988 con
1515 3946 1566 3988 ve
1580 3947 1599 3986 n
1612 3947 1629 3986 c
1643 3926 1651 3986 i
1665 3947 1685 3986 o
1700 3946 1718 3986 n
1732 3947 1750 3988 e
1774 3947 1795 4006 p
1809 3947 1856 3986 ro
1869 3946 1889 3986 v
1903 3927 1959 3985 10-

404 4033 518 4094 ciali
543 4033 751 4108 lanciciensi,
779 4055 874 4094 unam
898 4053 1040 4094 marcam
1064 4033 1275 4095 donaverunt.

514 4172 601 4239 526.
626 4175 674 4256 (ll.
701 4178 801 4256 220⁰).
827 4173 909 4238 Item
933 4176 999 4238 dno
1024 4176 1229 4256 Rogalinslry
1255 4196 1314 4256 pro
1338 4197 1387 4246 eo,
1410 4175 1495 4256 quod
1519 4174 1684 4254 expedivit
1707 4174 1845 4236 litteram
1869 4172 1958 4234 liber·

406 4283 482 4344 tatis
506 4302 565 4362 pro
590 4282 731 4363 capitulo
755 4283 796 4344 de
819 4303 884 4345 non
909 4283 1115 4363 expediendo
1139 4283 1179 4344 ad
1204 4283 1332 4354 bellum,
1358 4295 1424 4350 tres
1449 4302 1573 4344 marcas
1597 4283 1808 4343 donaverunt.

617 4477 660 4538 A·
690 4491 780 4556 1459,
806 4475 1003 4539 Novembris
1028 4491 1079 4555 25,
1104 4478 1134 4537 10
1159 4477 1311 4557 capitulo,

513 4615 600 4682 527.
637 4619 683 4699 (II.
710 4621 793 4698 221).
829 4619 910 4682 Item
942 4619 1024 4681 dnus
1056 4617 1235 4681 Stanislaus
1266 4619 1306 4680 de
1335 4617 1586 4699 Dobyeschewo
1610 4617 1783 4678 canonicus
1805 4617 1879 4678 loco
1903 4617 1957 4677 dni

407 4725 482 4786 Ado
507 4726 619 4788 decani
643 4727 741 4789 vadet
773 4726 813 4787 ad
845 4727 1183 4788 convencionem
1215 4726 1246 4787 in
1277 4725 1507 4806 Pyotrlrow
1538 4743 1610 4785 cum
1636 4724 1701 4785 dno
1725 4724 1876 4795 custode,
1908 4725 1959 4784 cui

404 4854 423 4894 a
447 4833 729 4895 distribucionibus
753 4833 880 4895 cedenti
905 4843 937 4896 et
961 4833 1162 4894 renuncianti
1185 4833 1239 4894 dni
1264 4833 1367 4895 daturi
1391 4843 1466 4894 sunt
1491 4831 1523 4894 V
1546 4851 1686 4903 marcas,
1711 4831 1959 4894 distribuciones

405 4961 482 5001 vero
507 4960 566 5019 pro
590 4939 655 5001 dno
680 4941 816 5003 custode
840 4940 1106 5020 conputabuntur
1129 4939 1170 5000 ab
1194 4959 1256 5000 una
1282 4941 1463 5018 septimana
1486 4949 1563 5000 ante
1587 4938 1703 5000 festum
1730 4939 1758 5000 b.
1783 4939 1908 5000 Nicolai
1925 4951 1959 5001 et

406 5057 481 5126 post
505 5047 755 5109 dissolucionem
780 5048 1010 5110 convencionis
1035 5047 1066 5107 in
1091 5066 1154 5107 una
1179 5047 1359 5128 septimana
1383 5046 1528 5108 similiter
1551 5045 1824 5125 conputabuntur.

618 5241 663 5304 A.
693 5243 783 5319 1460,
808 5241 942 5303 Ianuarii
973 5259 1018 5319 19,
1043 5241 1074 5301 10
1099 5240 1252 5321 capitulo,

514 5380 600 5448 528.
626 5381 676 5464 (ll.
704 5384 799 5464 221⁰).
821 5383 903 5446 Item
928 5383 1158 5446 consuluerunt
1182 5384 1249 5444 dno‘
1272 5383 1399 5446 custodi
1423 5383 1541 5444 vicario
1566 5394 1598 5446 et
1615 5381 1757 5456 officiali,
1782 5385 1870 5465 quod
1892 5403 1959 5464 pre-

406 5493 503 5553 missa
528 5492 710 5552 rnonicione
734 5491 909 5572 compellat
941 5511 999 5572 per
1022 5511 1193 5552 censuram
1229 5490 1479 5552 ecclesiasticam
1511 5491 1598 5552 civcs
1629 5501 1662 5552 et
1693 5493 1959 5553 communitatem

407 5600 437 5660 in
469 5599 645 5673 Poznania,
678 5609 712 5662 111
744 5619 809 5660 000
841 5599 1009 5681 paciantur
1041 5597 1172 5660 ulterius
1198 5617 1325 5679 mgrum
1349 5595 1478 5660 Petrum
1507 5598 1583 5659 olim
1608 5597 1782 5679 plebanum
1806 5597 1958 5660 inibidem
