4458 6356
908 561 1003 610 ACTA
1023 560 1188 610 CAPITULI
1213 559 1470 610 POZNANIENSIS

710 654 917 660 -.-—.-——-
930 652 1796 660 ————-.—.——-———-——
1844 653 1899 658 —-.
1913 653 1958 658 .—

513 769 601 838 203.
627 773 728 856 (Ibid.)
752 773 925 836 Decretum
950 783 1063 836 contra
1087 773 1207 836 iudIces
1231 773 1400 836 seculares.
1426 809 1466 816 -
1491 772 1572 835 Item
1597 773 1715 834 ibidem
1740 772 1959 844 decreverunt,

407 881 544 963 quodsi
570 892 603 942 et
628 881 658 942 in
683 891 837 962 quantum
862 879 1014 943 officiales
1038 880 1143 942 iudicii
1166 881 1326 943 terrestris
1350 899 1490 952 causam,
1521 880 1562 941 ad
1586 899 1683 960 quam
1707 879 1791 942 dnos
1815 879 1855 942 de
1878 881 1960 959 capi·

407 989 477 1052 tulo
501 997 677 1060 traxerunt,
702 988 782 1048 infra
804 987 879 1048 hinc
902 997 934 1049 et
951 987 1126 1049 adventum
1148 988 1201 1049 dni
1219 987 1320 1068 Regis
1337 987 1537 1068 suspendere
1561 986 1729 1060 noluerInt,
1756 996 1876 1049 extunc
1893 997 1959 1049 tam

405 1096 526 1158 iudices
550 1115 647 1176 quam
673 1097 774 1156 eciam
798 1105 926 1156 actores
951 1105 1025 1156 sunt
1046 1094 1358 1156 excommunicandi.

513 1198 599 1266 204.
625 1201 729 1282 (Ibid.)
753 1201 833 1264 Item
860 1201 978 1263 ibidem
1003 1203 1224 1274 decreverunt,
1250 1201 1337 1282 quod
1362 1202 1388 1262 si
1412 1202 1443 1262 ln
1461 1211 1615 1281 quantum
1641 1212 1791 1283 regentes
1814 1201 1959 1264 villarum

406 1308 567 1370 Lussowo
592 1319 625 1370 et
648 1307 848 1372 Cocosczino
879 1319 912 1371 et
935 1308 1039 1370 incole
1070 1328 1180 1370 earum
1217 1321 1352 1388 propter
1388 1309 1672 1390 inpignoraciones
1707 1309 1897 1371 secularium
1927 1312 1958 1370 ln

405 1417 564 1498 aliquibus
587 1415 681 1478 bonis
705 1436 761 1478 seu
786 1415 883 1478 rebus
907 1416 1047 1496 dampna
1078 1417 1298 1496 perceperint,
1322 1415 1435 1478 eadem
1461 1435 1526 1476 non
1551 1415 1694 1497 ipsorum
1718 1417 1903 1498 regencium
1927 1427 1960 1478 et

407 1522 621 1584 kmethonum
646 1523 715 1584 sore
739 1523 860 1585 debent
884 1523 942 1584 sed
966 1523 1102 1584 dnorum
1129 1522 1169 1584 de
1193 1522 1336 1602 capitulo
1361 1521 1582 1584 Poznaniensi.

513 1627 599 1694 205.
625 1631 658 1712 (I.
688 1631 775 1710 179⁰)
799 1631 880 1692 Item
906 1629 1022 1690 ibidem
1047 1649 1154 1698 vener,
1181 1629 1264 1692 dnus
1288 1629 1443 1691 Nicolaus
1467 1631 1569 1692 abbas
1594 1631 1778 1692 monasterii
1803 1630 1833 1691 ln
1854 1630 1960 1692 Lubiu

406 1737 592 1800 sollicitavit
616 1738 699 1798 dnos
723 1737 763 1798 de
787 1737 930 1817 capitulo
954 1757 1014 1816 pro
1039 1737 1136 1821 libris²
1162 1737 1310 1799 videlicet
1328 1737 1503 1818 Yosephus
1526 1747 1558 1798 et
1583 1737 1789 1816 Raymundo,
1807 1737 1883 1800 Rdo
1906 1759 1961 1818 pa-

405 1844 535 1906 triduo
559 1842 721 1906 Stanislao
746 1844 819 1925 Epo
843 1843 939 1906 Pozn.
966 1865 1024 1924 per
1048 1845 1152 1924 ipsum
1184 1844 1357 1919 concessis,
1394 1864 1478 1924 quos
1502 1841 1583 1906 dixit
1607 1843 1675 1906 lore
1699 1844 1886 1907 monasterii
1911 1845 1959 1906 sui

405 1952 436 2012 in
461 1951 579 2013 Lubin.

513 2054 729 2137 206.(1bid,)
765 2058 941 2120 Decretum
974 2079 1033 2138 pro
1065 2058 1180 2120 Iudicio
1212 2057 1347 2120 seculari
1372 2095 1410 2103 —
1437 2057 1519 2118 Item
1551 2056 1670 2118 ibidem
1706 2059 1876 2121 memorati
1906 2058 1960 2119 dni

405 2165 520 2246 prelati
544 2175 577 2226 et
601 2166 746 2226 canonici
771 2165 991 2239 decreverunt,
1024 2166 1112 2246 quod
1145 2175 1373 2246 procuratores
1403 2165 1534 2245 capituli
1558 2165 1734 2226 visitabunt
1758 2175 1791 2226 et
1814 2165 1961 2226 sollicita-

406 2271 488 2334 bunt
511 2292 625 2334 causas
650 2271 781 2352 capituli
813 2275 844 2332 in
880 2273 1040 2334 iudicio
1076 2274 1279 2345 seculari,
1314 2274 1453 2354 receptis
1486 2273 1645 2352 aliquibus
1677 2273 1748 2334 dnis
1771 2272 1811 2334 de
1835 2273 1959 2353 gremio

406 2379 548 2450 fratrum,
573 2379 793 2450 decernentes,
818 2379 891 2460 quia
916 2391 1078 2461 quotquot
1102 2400 1211 2443 secum
1229 2383 1410 2462 receperint
1426 2391 1458 2442 et
1475 2381 1768 2460 quocienscunque,
1792 2380 1960 2460 unicuique

406 2506 464 2566 per
487 2484 535 2546 IV
560 2507 606 2566 gr.
629 2485 706 2546 dare
730 2495 909 2548 teneantur.
1652 2545 1655 2554 .

513 2588 599 2656 207.
632 2592 665 2672 (I.
694 2594 775 2672 180).
811 2593 893 2656 Item
928 2593 1045 2656 ibidem
1078 2596 1247 2656 memorati
1280 2594 1334 2656 dni
1368 2595 1482 2674 prelati
1513 2605 1545 2656 et
1577 2595 1723 2655 canonici
1755 2595 1822 2655 visa
1856 2595 1960 2656 littera

404 2719 513 2761 vener.
538 2699 594 2761 viri
619 2699 672 2760 dni
697 2699 848 2762 Iohannis
871 2700 912 2761 de
938 2701 1162 2781 Nyewycschs
1194 2702 1306 2762 decani
1339 2701 1624 2774 Wlndislaviensis,
1655 2701 1763 2762 audita
1791 2701 1961 2762 oblacione

405 2807 503 2886 ipsius
528 2825 586 2886 per
609 2806 692 2869 dnos
720 2807 891 2869 Nicolaum
915 2808 955 2869 de
979 2807 1215 2870 Glamboczecz
1247 2809 1506 2870 archidiaconum
1540 2819 1573 2870 et
1605 2807 1774 2869 Nicolaum
1805 2808 1846 2868 de
1877 2807 1960 2886 Nye·

406 2911 554 2994 wyeschs
578 2924 745 2976 cantorem
770 2913 918 2988 Poznan,
943 2917 974 2976 in
999 2937 1061 2995 qua
1079 2936 1113 2976 se
1130 2916 1224 2978 offert
1249 2915 1354 2978 facere
1377 2915 1583 2996 diligenciam
1607 2917 1638 2976 in
1655 2915 1747 2978 sactis
1771 2917 1959 2995 equacio·

406 3021 468 3082 nis
492 3020 807 3084 beneficiorum
839 3022 983 3096 ecclesie,
1014 3033 1150 3094 attento
1176 3023 1264 3104 quod
1290 3023 1372 3084 idem
1398 3023 1482 3084 dnus
1506 3021 1666 3084 Iohannes
1691 3021 1832 3083 decanus
1855 3023 1886 3082 in
1910 3042 1959 3082 cu·

404 3129 450 3188 ria
474 3137 524 3189 est
548 3148 690 3208 presens,
726 3129 841 3192 intuitu
873 3131 1079 3192 serviciorum
1112 3151 1171 3210 per
1201 3150 1275 3211 eum
1299 3131 1329 3190 in
1355 3141 1521 3210 posterum
1557 3129 1855 3210 impendendorum,
1893 3150 1958 3190 non

405 3233 594 3297 recedentes
617 3257 636 3296 a
660 3237 765 3316 primo
790 3237 980 3310 iuramento,
1005 3257 1064 3297 nec
1088 3257 1107 3298 a
1131 3237 1234 3298 forma
1258 3237 1425 3299 iuramenti
1451 3237 1593 3299 eiusdem
1612 3257 1669 3318 per
1693 3257 1750 3298 eos
1775 3237 1866 3308 lacta,
1890 3257 1959 3316 pro-

404 3351 521 3404 ventus
546 3343 754 3406 canonicatus
786 3343 951 3424 prebende
976 3344 1051 3406 dicti
1075 3343 1128 3405 dni
1154 3343 1305 3405 Iohannis
1337 3344 1450 3405 decani
1475 3346 1516 3406 ad
1540 3344 1640 3406 XXV
1664 3364 1788 3406 marcas
1820 3355 1958 3412 taxatos,

406 3449 550 3528 pensatis
575 3451 740 3530 premissis
764 3451 805 3512 ad
829 3451 908 3513 XVI
933 3471 1066 3524 marcas,
1091 3471 1156 3531 quo
1182 3451 1223 3512 ad
1247 3471 1420 3530 personam
1445 3451 1520 3514 dicti
1545 3451 1600 3512 dni
1624 3451 1783 3523 Iohannis,
1819 3451 1860 3511 ad
1883 3461 1959 3512 tem-

405 3575 485 3636 pora
508 3557 574 3618 vite
597 3577 654 3619 sue
683 3558 889 3630 reduxerunt,
922 3560 967 3619 ita
1002 3569 1121 3630 tamen,
1156 3558 1243 3638 quod
1273 3559 1298 3620 si
1330 3560 1434 3639 ipsum
1467 3559 1507 3620 ad
1538 3559 1652 3620 altiora
1687 3559 1870 3639 promoveri
1905 3567 1980 3618 ant·

404 3663 505 3724 eciam
530 3665 596 3726 vita
620 3663 709 3746 fungi
733 3669 913 3746 contingat,
938 3676 994 3726 aut
1018 3667 1044 3726 si
1069 3664 1273 3745 diligenciam
1307 3685 1373 3726 non
1398 3665 1514 3737 fecerit,
1544 3666 1575 3726 in
1600 3665 1684 3728 sacto
1708 3665 1792 3726 dicte
1816 3665 1959 3745 equacio-

406 3771 462 3844 niS,
487 3771 538 3833 vel
561 3774 801 3836 contravenerit
825 3773 993 3854 equacioni
1029 3793 1085 3834 seu
1110 3773 1309 3834 ordinacioni
1334 3774 1462 3834 noviter
1486 3773 1577 3846 facte,
1613 3783 1733 3834 extunc
1769 3783 1880 3834 taxam
1912 3773 1959 3832 sui

404 3879 612 3942 canonicatus
636 3881 784 3961 perprius
808 3881 886 3942 alias
910 3889 1055 3943 taxatam
1081 3882 1111 3940 in
1137 3900 1196 3942 suo
1221 3879 1339 3942 robore
1364 3881 1477 3942 volunt
1502 3901 1695 3942 conservare
1711 3889 1743 3942 et
1759 3899 1959 3960 permanere.

616 4124 659 4188 A.
690 4129 781 4206 1436,
805 4128 1002 4208 Nouembris
1032 4143 1078 4207 17,
1104 4129 1136 4189 in
1160 4127 1303 4208 capitulo
1328 4127 1479 4209 generali.

509 4281 594 4348 208.
621 4285 654 4366 (I.
684 4286 812 4370 180⁰)..
837 4287 1008 4369 Prescripti
1034 4288 1087 4348 dni
1111 4287 1226 4367 prelati
1251 4297 1284 4349 et
1308 4289 1453 4348 canonici
1485 4289 1660 4368 capitulum
1686 4289 1837 4369 generale
1863 4289 1960 4349 conti-

404 4401 541 4453 nuantes
565 4412 672 4454 vener.
698 4395 784 4456 viros
808 4393 891 4456 dnos
912 4394 1067 4456 Illathiam
1105 4394 1196 4474 Drya
1228 4395 1385 4456 decanum
1418 4405 1450 4456 et
1476 4394 1646 4456 Nicolaum
1670 4397 1711 4456 de
1735 4395 1960 4475 Nyewyeschs

403 4509 569 4559 cantorem
593 4500 634 4560 ad
659 4499 756 4562 dnum
788 4501 895 4583 Epum
928 4523 1040 4564 versus
1075 4503 1338 4564 ll'lazoviam
1375 4502 1477 4564 ituros
1505 4501 1750 4581 deputaverunt.
1783 4504 1832 4563 cui
1857 4503 1961 4563 dicere

401 4603 549 4678 debeant,
575 4607 664 4686 quod
688 4607 729 4668 ad
753 4607 870 4670 festum
895 4609 994 4670 Lucie
1018 4611 1127 4671 veniat
1152 4609 1193 4670 ad
1217 4609 1388 4671 ecclesiam
1413 4631 1458 4670 ex
1481 4610 1587 4671 causiS
1612 4609 1854 4690 pregnantibus,
1886 4611 1959 4690 quia

403 4709 523 4772 bonum
548 4723 598 4776 est
621 4727 757 4796 propter
780 4716 913 4778 consilia
945 4737 1075 4778 suorum
1111 4715 1309 4798 prelatorum
1342 4725 1374 4778 et
1399 4719 1643 4794 canonicorum;
1679 4717 1821 4779 secundo
1857 4719 1958 4778 eciam

402 4830 537 4900 propter
561 4821 783 4883 assistenciam
807 4833 989 4886 ceterorum
1014 4823 1168 4884 nobilium
1200 4823 1240 4885 ad
1265 4824 1520 4885 consumandam
1553 4845 1667 4904 pacem
1692 4827 1774 4887 Inter
1798 4827 1903 4906 ipsum
1926 4835 1959 4887 et

403 4925 500 4988 dnum
526 4926 694 5008 Abraham
720 4929 864 5004 iudicem,
890 4940 945 4992 aut
969 4931 995 4992 si
1019 4931 1059 4991 ad
1084 4931 1189 5010 aliqua
1215 4932 1304 5011 pacis
1322 4929 1428 4993 ledera
1452 4953 1507 4993 seu
1525 4932 1732 4994 condiciones
1755 4933 1864 4994 venire
1888 4952 1960 4992 con·

402 5033 515 5114 tingat,
540 5045 617 5097 tunc
641 5037 846 5117 respondeat,
870 5046 967 5117 prout
991 5037 1061 5098 dnis
1086 5037 1220 5110 videtur,
1246 5057 1302 5100 sue
1326 5039 1476 5100 eflectum
1501 5041 1618 5101 mentIs
1643 5039 1845 5118 explicando,
1871 5041 1956 5119 quod

326 5159 327 5162 ’
402 5141 457 5203 tali
481 5143 672 5205 condicione
696 5145 912 5225 amplectetur
936 5164 1050 5226 pacem
1076 5154 1108 5207 et
1132 5155 1207 5206 ante
1231 5147 1340 5206 omnia
1365 5147 1536 5226 presbiteri
1568 5149 1710 5227 suspecti
1741 5147 1781 5209 de
1817 5143 1956 5207 heresi

403 5249 444 5310 ad
468 5269 582 5312 manus
606 5270 680 5312 suas
704 5261 737 5313 et
760 5252 802 5312 ad
825 5251 1061 5313 iurisdicionem
1085 5253 1262 5315 tradantur.

506 5357 588 5418 Item
612 5358 652 5420 de
676 5359 793 5420 iniuriis
817 5379 956 5438 persone
980 5379 1037 5420 sue
1061 5359 1219 5440 irrogatis
1245 5371 1279 5422 ut
1303 5360 1471 5440 disposuit,
1495 5362 1747 5444 compromittat.

507 5463 588 5527 Item
605 5476 737 5547 rogetur
761 5467 791 5526 in
809 5466 894 5527 hunc
910 5466 1059 5528 modum:
1087 5467 1178 5528 »Rde
1195 5479 1287 5547 pater
1303 5489 1362 5548 pro
1380 5469 1591 5530 incommodIs
1609 5469 1760 5530 fabricam
1786 5479 1818 5530 et
1834 5469 1955 5530 bonum

401 5571 537 5636 ecclesie
568 5573 839 5638 concernentibus
863 5573 1118 5656 deflectibusque
1147 5575 1223 5649 aliis,
1256 5574 1373 5656 quibus
1397 5596 1555 5658 oppressa
1579 5586 1628 5640 est
1652 5577 1794 5654 ecclesia,
1827 5595 1956 5658 semper
