4458 6356
416 589 452 635 12
916 567 1011 618 ACTA
1030 569 1191 620 CAPITULI
1211 571 1465 624 POZNANIENSIS

415 671 680 678 —·-—-—·
1038 669 1297 678 --------ι-.....
1348 669 1493 674 -----.-
1504 669 1585 674 .-.--
1604 667 1659 674 ...η--
1674 669 1696 672 -
1717 667 1749 672 --
1767 668 1772 672 -
1790 667 1872 672 ..--..,.

624 792 667 854 Α.
699 809 793 872 1431,
818 793 1013 856 NovembrIs
1041 807 1095 872 13,
1119 793 1150 853 in
1176 789 1320 871 capitulo
1343 788 1495 871 generali.

517 929 577 997 59.
602 934 636 1012 (Ι.
664 933 731 1014 59⁰)
757 935 903 997 Dnorum
928 935 1019 1016 Drya
1042 920 1116 997 eum
1140 931 1326 997 Lanthman
1351 967 1393 976 -
1416 931 1478 993 Die
1496 931 1609 994 Martis
1625 929 1698 992 XIII
1715 949 1756 992 m.
1773 928 1969 992 Novembris

408 1039 487 1103 hora
511 1041 682 1102 terciarum
706 1043 738 1103 in
761 1042 857 1104 stuba
881 1042 998 1104 domus
1033 1041 1246 1105 habitacionis
1282 1039 1347 1101 Rdi
1378 1039 1479 1119 patris
1511 1037 1565 1099 dni
1596 1035 1750 1100 Stanislai
1782 1037 1844 1118 Epi
1868 1037 1967 1100 Pozn.

408 1148 493 1209 idem
517 1147 609 1210 Rdus
633 1159 726 1228 pater
749 1149 832 1211 dnus
855 1147 1034 1212 Stanislaus
1058 1149 1149 1230 Epus
1172 1166 1280 1212 vener,
1303 1157 1337 1209 et
1360 1145 1472 1208 honor.
1498 1145 1572 1206 viris
1596 1143 1667 1208 dnis
1690 1145 1964 1226 suprascriptis..

407 1253 559 1317 exhibitis
575 1254 766 1335 quibusdam
791 1256 957 1318 litteris
981 1256 1203 1338 regalibus
1220 1256 1252 1316 in
1269 1271 1443 1336 personam
1459 1252 1567 1332 ipsius,
1592 1251 1624 1312 in
1640 1250 1757 1332 quibus
1773 1252 1967 1326 continetur,

409 1361 547 1443 qualiter
570 1381 716 1432 causam,
750 1383 847 1443 quam
870 1383 977 1425 vener.
1002 1362 1085 1425 dnus
1109 1363 1249 1426 Mathias
1281 1361 1373 1442 Drya
1396 1358 1538 1421 decanus
1561 1357 1657 1420 Pozn.
1681 1357 1796 1421 honor.
1821 1359 1887 1421 dno
1911 1359 1966 1421 Ni-

410 1467 504 1530 colao
528 1468 713 1531 Lanthman
745 1471 902 1532 canonico
925 1469 1021 1532 Pozn.
1046 1490 1114 1551 pro,
1139 1469 1180 1532 de
1203 1478 1236 1532 et
1259 1489 1357 1549 super
1386 1465 1578 1548 quibusdam
1613 1465 1837 1528 oblacionibus
1860 1467 1966 1547 ipsum

409 1577 442 1636 in
466 1574 601 1638 ecclesia
626 1596 648 1638 s.
674 1575 774 1638 Marie
798 1575 993 1657 Magdalene
1024 1576 1295 1640 concernentibus
1326 1595 1369 1637 ex
1402 1572 1557 1636 mandato
1586 1573 1677 1655 regio
1700 1573 1848 1635 decidere
1871 1573 1967 1635 debe-

409 1691 473 1756 ret,
508 1683 561 1762 qui
585 1682 677 1744 Rdus
701 1693 794 1764 pater
817 1683 900 1744 dnus
924 1681 1104 1746 Stanislaus
1136 1683 1228 1765 Epus
1252 1681 1348 1744 finem
1381 1681 1525 1763 partibus
1561 1681 1729 1761 imponere
1763 1679 1890 1754 volens,
1926 1699 1967 1742 ne

408 1799 558 1869 sumptus
590 1787 718 1852 inutiles
750 1789 937 1869 impendere
957 1789 1134 1862 videantur,
1159 1810 1267 1852 vener.
1292 1791 1394 1850 virum
1419 1789 1519 1850 dnum
1543 1786 1761 1869 Predvogium
1786 1785 1961 1850 Granczslri

408 1916 469 1976 pro
494 1895 597 1958 iudice
621 1916 717 1959 cause
739 1895 921 1958 huiusmodi
946 1897 1129 1978 deputavit,
1154 1897 1208 1979 qui
1232 1895 1286 1958 dni
1310 1895 1450 1960 Mathias
1475 1893 1567 1975 Drya
1591 1894 1733 1956 decanus
1757 1905 1791 1957 et
1815 1893 1854 1954 N.
1871 1912 1965 1955 cano·

408 2004 499 2065 nicus
523 2003 553 2064 ln
578 2004 717 2065 eundem
741 2003 785 2066 ibi
809 2014 978 2084 presentes
1002 2014 1250 2067 consenserunt.

517 2105 577 2174 60.
602 2111 700 2193 (ibid.)
725 2110 789 2173 Dni
812 2109 913 2192 Drya.
938 2147 982 2157 -
1005 2110 1087 2174 Item
1112 2110 1231 2173 ibidem
1255 2110 1426 2192 prescripti
1443 2108 1498 2171 dni
1514 2108 1629 2190 prelati
1646 2119 1679 2172 et
1695 2107 1841 2171 canonici
1858 2129 1966 2171 vener.

410 2217 479 2280 viro
503 2217 569 2279 dno
593 2217 716 2280 Mathie
739 2217 830 2298 Drya
855 2217 979 2280 decano
1003 2217 1097 2281 Pozn.
1115 2217 1193 2282 VIII
1211 2237 1336 2280 marcas
1361 2237 1420 2297 pro
1444 2215 1597 2296 expensis
1618 2235 1729 2278 versus
1753 2216 1964 2298 Nyepolo-

410 2324 537 2386 micze
561 2323 603 2385 ad
626 2324 725 2386 dnum
749 2323 876 2406 Regem
900 2327 984 2387 ituro
1008 2324 1133 2388 dandas
1157 2323 1226 2388 fore
1240 2325 1476 2388 decreverunt.

622 2516 665 2579 A.
693 2533 792 2596 1431,
816 2516 1012 2581 Novembris
1041 2535 1094 2598 14,
1119 2519 1151 2581 in
1175 2517 1317 2600 capitulo
1341 2518 1493 2600 generali.

516 2654 575 2722 61.
600 2657 634 2738 (I.
658 2657 710 2740 60)
724 2706 753 2721 ..
778 2656 935 2723 Strenuus
966 2659 1014 2722 vir
1037 2654 1120 2722 dnus
1143 2658 1304 2723 lohannes
1327 2659 1501 2740 Pnyewslri
1525 2679 1635 2722 eoram
1659 2680 1767 2722 vener.
1792 2669 1825 2721 et
1848 2657 1962 2721 honor.

408 2765 484 2828 viris
507 2765 580 2829 dnis
594 2814 621 2829 ..
645 2765 776 2847 prelatis
799 2781 832 2829 et
856 2767 1063 2830 canonicis..
1088 2767 1256 2848 exposuit,
1281 2767 1417 2849 qualiter
1441 2765 1636 2828 kmethones
1659 2765 1733 2828 ville
1757 2765 1879 2829 Sadlno
1904 2786 1963 2846 per

409 2882 724 2936 transeuntes
758 2872 810 2936 ad
846 2875 1218 2954 expedicionem
1253 2873 1284 2936 in
1316 2874 1412 2936 bonis
1443 2875 1588 2935 existunt
1619 2871 1839 2953 dampnificati
1871 2873 1963 2948 adeo,

408 2979 495 3061 quod
519 2981 551 3042 in
575 2979 740 3042 solucione
764 2999 918 3043 censuum
935 2981 1007 3044 duis
1023 2981 1063 3044 de
1079 2981 1223 3062 capitulo
1246 2980 1329 3042 solvi
1353 2981 1535 3044 debitorum
1559 2979 1703 3042 sufficere
1728 3000 1793 3042 non
1810 2979 1962 3055 valerent,

409 3097 544 3168 propter
567 3087 656 3170 quod
679 3087 794 3168 petivit
816 3088 1017 3151 solucionem
1041 3108 1196 3151 censuum
1219 3089 1251 3150 in
1275 3087 1403 3168 aliquali
1428 3097 1520 3167 parte
1543 3087 1703 3168 alleviari3
1738 3087 1792 3168 qui
1816 3086 1871 3149 dni
1894 3107 1964 3168 pre·

409 3193 465 3256 lati
489 3204 521 3257 et
545 3195 699 3267 canonici,
724 3194 884 3257 relacione
909 3195 985 3260 dicti
1009 3195 1062 3258 dni
1082 3194 1238 3275 Johannis
1273 3193 1445 3276 Pnyewski
1469 3203 1602 3274 recepta
1624 3205 1657 3256 et
1681 3203 1815 3266 attenta,
1840 3194 1962 3257 dictum

408 3301 508 3363 dnum
534 3299 715 3380 Iohannem
750 3301 923 3384 Pnyewski
946 3323 965 3364 a
989 3303 1156 3365 solucione
1190 3303 1286 3364 trium
1314 3321 1492 3364 marcarum
1517 3321 1590 3362 cum
1616 3301 1657 3382 Ὗ,
1682 3301 1817 3364 liberum
1840 3301 1964 3364 dimise·

408 3420 498 3482 runt,
524 3408 745 3482 decernentes,
770 3409 858 3490 quod
881 3410 952 3490 ipse
976 3409 1059 3473 dnus
1079 3409 1243 3491 Johannes
1274 3407 1351 3470 VIII
1375 3427 1499 3470 marcas
1525 3408 1565 3470 de
1589 3407 1714 3489 prefata
1738 3407 1813 3470 villa
1833 3409 1963 3470 racione

409 3535 526 3580 census
549 3515 646 3577 annui
669 3516 846 3598 persolvat.

622 3707 665 3773 A.
696 3726 791 3787 1431,
816 3707 1011 3772 NovembrIs
1039 3711 1092 3782 16,
1117 3709 1149 3770 in
1173 3709 1316 3791 capitulo
1340 3710 1490 3792 generali.

515 3847 575 3916 62.
601 3851 635 3933 (Ι.
659 3851 715 3932 62)
740 3852 790 3914 De
814 3852 964 3932 dampnIs
987 3851 1121 3914 ecclesie
1145 3851 1250 3932 illatis.
1275 3851 1423 3915 -Item
1447 3851 1566 3914 ibidem
1587 3851 1757 3914 memorati
1774 3851 1827 3913 dni
1844 3850 1959 3932 prelati

408 3969 441 4022 ct
466 3959 611 4020 canonici
634 3979 743 4022 vener.
768 3961 854 4022 viros
879 3960 961 4021 dnos
985 3958 1158 4022 Albertum
1183 3960 1394 4040 prepositum,
1419 3959 1608 4040 magistrum
1632 3959 1845 4022 Vincencium
1871 3957 1958 4020 Coth

410 4065 585 4128 Iohannem
620 4065 762 4128 Furman
786 4077 818 4130 et
841 4065 1015 4129 Albertum
1047 4065 1088 4128 de
1108 4065 1316 4144 Jaroschewo
1347 4066 1388 4128 ad
1417 4065 1682 4146 conspiciendum
1716 4065 1858 4146 dampna
1891 4065 1962 4128 duis

409 4173 449 4234 de
472 4173 615 4254 capitulo
640 4173 671 4234 in
694 4173 797 4236 ieodis
821 4193 877 4236 seu
901 4173 1052 4235 dominiis
1075 4174 1154 4254 ipsis
1177 4175 1209 4235 in
1225 4173 1428 4254 provisiones
1452 4174 1536 4236 datis
1561 4195 1618 4253 per
1642 4183 1960 4236 transeuntes

407 4278 460 4340 ad
483 4279 849 4360 expedicionem
873 4291 928 4343 aut
951 4281 1014 4342 alio
1038 4281 1152 4362 quovis
1176 4281 1275 4343 modo
1298 4280 1386 4343 illata
1402 4279 1647 4362 deputaverunt,
1672 4281 1725 4362 qui
1741 4281 1795 4342 dni
1811 4279 1960 4360 dampnis

408 4385 530 4448 eisdem
553 4387 630 4450 visis
654 4407 692 4449 ea
717 4388 748 4449 in
772 4387 915 4467 capitulo
939 4387 1122 4468 particulari
1145 4387 1217 4450 dnis
1242 4387 1359 4451 relerre
1382 4387 1557 4452 debebunt.

622 4577 665 4642 A.
696 4595 794 4659 1431,
819 4579 1014 4644 Novembris
1043 4595 1089 4661 17,
1115 4581 1146 4643 in
1170 4581 1313 4663 capitulo
1337 4581 1488 4663 generali.

515 4717 576 4785 63.
601 4721 636 4802 (Ι.
661 4721 716 4800 63)
741 4721 792 4784 De
815 4721 941 4785 sinodo.
966 4723 1114 4786 —Item
1137 4743 1246 4786 vener.
1270 4723 1357 4786 viros
1388 4723 1472 4786 dnos
1502 4722 1677 4786 Albertum
1701 4725 1902 4804 prepositum
1926 4733 1960 4785 et

408 4827 579 4891 Nicolaum
596 4829 637 4892 de
653 4827 888 4892 Glamboczecz
904 4828 1162 4893 archidiaconum
1180 4830 1319 4894 Poznan.
1337 4830 1377 4894 ad
1395 4831 1513 4894 sinod
1524 4853 1543 4892 u
1554 4850 1586 4892 m
1603 4831 1635 4892 In
1651 4831 1776 4912 oppido
1799 4833 1918 4896 Uneo
1930 4855 1960 4894 w

409 4936 461 4998 vel
484 4935 538 4999 ubi
561 4947 639 5000 tunc
662 4937 771 5018 posita
793 4935 902 5012 fuerit,
926 4939 1028 5000 ituros
1052 4937 1298 5018 deputaverunt.

620 5129 664 5192 A.
694 5147 792 5209 1431,
816 5129 1013 5194 Novembris
1042 5133 1097 5208 18,
1120 5133 1152 5194 in
1176 5132 1319 5213 capitulo
1344 5133 1496 5214 generali.

514 5267 575 5336 64.
600 5271 635 5352 (I.
660 5271 715 5350 63)
732 5271 782 5334 'Et
807 5273 924 5336 ibidem
949 5273 1025 5336 dicti
1050 5274 1104 5336 dni
1126 5274 1241 5356 prelati
1265 5286 1298 5337 et
1322 5277 1467 5338 canonici
1499 5275 1614 5338 honor.
1643 5276 1745 5338 virum
1770 5275 1869 5338 dnum
1895 5277 1957 5338 Ma·

406 5375 506 5442 thiam
530 5377 571 5439 de
595 5377 760 5440 Tarnowo
790 5382 982 5442 canonicum
1005 5380 1100 5443 Pozn.
1124 5381 1165 5442 ad
1189 5381 1363 5444 videndum
1388 5393 1420 5444 et
1445 5383 1714 5446 conscribendum
1739 5383 1879 5446 decimas
1903 5383 1958 5445 do·

406 5485 494 5546 minii
517 5485 700 5560 decanatus,
724 5507 804 5567 quas
828 5507 935 5550 vener.
961 5507 1043 5570 mgr.
1067 5487 1263 5551 Strzeschko
1286 5509 1401 5552 canon.
1426 5489 1522 5552 Pozn.
1549 5502 1683 5572 propter
1700 5490 1957 5553 destruccionem

406 5603 553 5676 tempore
577 5613 629 5655 ex
642 5614 663 5675 p
677 5615 695 5655 e
707 5595 727 5656 d
741 5595 834 5658 icio
846 5615 867 5658 n
881 5596 935 5678 is,
960 5606 1057 5678 prout
1080 5595 1262 5668 asserebat,
1286 5609 1397 5660 tenere
1421 5597 1531 5671 noluit,
1555 5597 1803 5680 deputaverunt.
