4390 6368
540 671 574 692 ᾧ
818 591 999 644 Auuouuu
1020 591 1205 646 asoa-rana.
1733 597 1791 674 183

342 801 429 870 965.
455 803 524 885 (Vl.
556 804 635 887 118).
659 803 904 868 Statutum
929 803 970 868 de
993 805 1171 886 prestando
1194 807 1375 868 iuramento
1400 827 1458 888 per
1481 807 1665 887 episcopos,
1699 815 1787 868 ante-

234 931 331 993 quam
355 912 550 992 recipiantur
573 911 615 974 ad
639 911 817 976 ecclesiam.
842 949 885 958 —
909 911 991 976 Cum
1016 913 1257 976 successoribus
1281 912 1365 976 iacta
1389 924 1633 978 antecessorum
1657 933 1788 976 suorum

234 1037 300 1080 non
323 1020 445 1082 irritare
469 1019 527 1082 sed
551 1038 646 1082 manu
671 1029 784 1082 tenere
807 1039 844 1082 ac
869 1018 1044 1083 defendere
1067 1020 1250 1090 conveniat,
1275 1031 1311 1081 ut
1328 1020 1531 1092 donationes
1549 1041 1631 1102 quas
1647 1020 1792 1084 fecerunt

234 1125 310 1186 olim
335 1125 476 1206 religiosi
500 1124 671 1207 pontifices
703 1135 929 1188 antecessores
953 1125 1069 1190 Rmi..
1095 1127 1149 1188 dni
1174 1124 1325 1188 Iohannis
1358 1125 1543 1189 Lubranslri
1567 1127 1630 1209 Epi
1655 1127 1793 1190 Poznan.

233 1251 272 1294 ac
295 1233 428 1294 tandem
452 1233 521 1314 ipse
545 1231 649 1296 Rmus
672 1233 755 1296 dnus
780 1231 943 1296 Iohannes
973 1230 1167 1314 Lubranslcy
1200 1232 1289 1314 Epus
1314 1233 1466 1314 singulari
1492 1236 1614 1314 pietate
1636 1255 1675 1296 ac
1698 1235 1792 1298 dilec-

233 1339 322 1400 tione
346 1339 474 1402 decoris
497 1340 613 1403 domus
631 1339 692 1403 Dei
717 1361 754 1403 ac
779 1362 839 1423 pro
864 1341 969 1402 cultus
994 1340 1091 1402 divini
1116 1361 1158 1402 ex
1182 1340 1359 1402 residencia
1383 1333 1581 1421 prelatorum
1607 1351 1640 1404 et
1664 1343 1791 1404 canoni·

232 1465 344 1507 corum
367 1447 451 1508 circa
486 1447 656 1510 ecclesiam
681 1468 772 1510 suam
796 1447 1015 1510 cathedralem
1052 1459 1230 1530 augmento
1254 1447 1398 1528 capitulo
1423 1467 1460 1508 ac
1485 1466 1597 1509 mense
1620 1448 1787 1528 capitulari

231 1551 314 1626 iecit,
338 1572 543 1616 successores
567 1574 607 1617 eo
631 1553 750 1618 firmius
775 1555 959 1628 observent,
984 1575 1049 1636 quo
1073 1575 1109 1617 se
1125 1554 1244 1617 adhoc
1269 1556 1373 1636 magis
1398 1553 1517 1634 placito
1540 1555 1678 1628 vinculo
1703 1554 1792 1637 quod

233 1657 359 1722 difficile
384 1661 555 1740 rumpitur,
580 1663 728 1724 noverint
752 1661 820 1724 iore
844 1672 879 1724 et
902 1683 974 1725 esse
997 1663 1156 1726 astrictos.
1190 1662 1276 1724 idem
1306 1661 1410 1723 Rmus
1434 1661 1517 1724 dnus
1543 1660 1704 1724 lohannes
1727 1661 1789 1724 Lu·

232 1765 364 1829 branski
380 1766 471 1848 Epus
496 1767 628 1848 prelatis
652 1779 686 1832 et
709 1771 872 1830 canonicis
896 1769 1072 1850 capitulum
1095 1769 1249 1850 generale
1274 1768 1538 1831 continuantibus
1562 1779 1594 1830 et
1617 1769 1660 1831 ad
1676 1789 1791 1832 sonum

232 1893 390 1955 campane
414 1874 632 1956 capitulariter
654 1877 880 1956 congregatis,
905 1876 1059 1938 imitando
1083 1878 1184 1938 eciam
1209 1876 1477 1938 consuetudinem
1495 1875 1695 1957 quarundam
1717 1875 1791 1936 alia-

232 2000 302 2042 rum
326 1980 559 2044 cathedralium
583 1981 788 2044 ecclesiarum
813 1983 955 2044 unanimi
979 1991 1059 2044 voto
1083 1993 1117 2045 et
1141 1983 1269 2044 nemine
1293 1982 1499 2063 discrepante
1523 1991 1705 2045 statuerunt
1721 2003 1790 2063 per-

232 2099 332 2169 petuo
356 2087 488 2151 firmiter
511 2088 768 2166 observandum,
792 2099 827 2151 ut
851 2089 891 2150 de
914 2101 1026 2150 cetero
1044 2088 1178 2169 quilibet
1194 2089 1285 2169 Epus
1302 2089 1405 2162 Pozn,
1423 2099 1596 2169 antequam
1613 2109 1632 2150 a
1648 2087 1792 2169 capitulo

232 2195 412 2277 recipiatur,
436 2196 519 2258 ultra
543 2197 766 2270 iuramentum,
795 2196 882 2276 quod
907 2197 990 2258 circa
1014 2215 1104 2259 suam
1128 2197 1353 2277 recepcionem
1390 2196 1565 2258 secundum
1602 2205 1699 2258 stat
1714 2204 1792 2257 uta

233 2322 315 2382 pro
327 2303 434 2364 vinc
449 2304 489 2365 ia
503 2303 512 2364 l
526 2303 566 2365 ia
589 2313 735 2384 prestare
759 2314 896 2376 tenetur,
923 2304 964 2366 dc
987 2303 1138 2366 omnibus
1163 2303 1282 2366 iuribus
1307 2303 1444 2365 ecclesie
1469 2302 1662 2383 generaliter
1685 2301 1793 2364 obser-

233 2410 346 2472 vandis
370 2409 555 2491 specialiter
577 2411 679 2473 eciam
702 2422 735 2472 et
759 2431 915 2493 expresse
940 2412 1037 2484 iuret,
1062 2411 1150 2492 quod
1174 2413 1240 2474 iura
1263 2431 1301 2474 ac
1325 2411 1523 2474 donaciones
1550 2431 1609 2492 per
1633 2429 1710 2473 suos
1733 2429 1788 2471 an-

231 2524 413 2580 tecessores
436 2517 578 2580 Poznan.
603 2517 695 2599 Epos
719 2517 759 2580 de
784 2538 897 2580 mensa
919 2519 1096 2600 episcopali
1120 2539 1158 2580 ac
1176 2521 1243 2582 eius
1260 2519 1350 2594 villis,
1367 2517 1526 2587 censibus,
1543 2517 1684 2590 decimis,
1708 2515 1784 2578 mal·

231 2623 346 2696 dratis,
370 2623 566 2708 senonibus,
592 2624 785 2688 molendinis
810 2635 843 2688 et
867 2626 1123 2688 obvencionibus
1148 2625 1393 2707 quibuscunque
1410 2625 1554 2706 capitulo
1570 2645 1630 2687 suo
1646 2623 1786 2686 Poznan.

230 2749 269 2792 ac
292 2749 403 2794 mense
428 2732 528 2813 ipsius
563 2742 722 2814 perpetuo
747 2731 849 2795 factas
874 2753 1038 2814 nunquam
1078 2753 1136 2814 per
1159 2754 1195 2795 se
1219 2734 1272 2796 vel
1296 2754 1356 2814 per
1378 2733 1474 2794 alium
1498 2733 1620 2794 directe
1642 2729 1694 2794 vel
1718 2731 1792 2792 indi·

230 2847 319 2900 recte
335 2847 391 2900 aut
407 2841 523 2922 quovis
541 2842 668 2922 quesito
693 2840 816 2914 colore,
841 2840 969 2904 occulte
992 2841 1046 2902 vel
1062 2839 1235 2902 manifeste
1252 2839 1442 2921 infringere,
1467 2839 1605 2912 irritare,
1629 2858 1792 2911 revocare,

230 2963 374 3018 cassare,
397 2947 539 3008 anullare
563 2947 696 3020 debeat,
721 2948 779 3011 sed
803 2945 935 3010 firmiter
958 2957 1069 3010 tenere
1093 2967 1131 3009 ac
1154 2946 1368 3020 inviolabiter,
1393 2945 1501 3027 quoad
1526 2945 1652 3019 vixerit,
1676 2944 1786 3008 obser-

230 3071 317 3113 vare.
342 3051 431 3114 Acta
455 3063 530 3116 sunt
553 3053 612 3116 hec
637 3064 699 3117 etc.

444 3246 487 3311 A.
517 3261 614 3329 1505,
638 3246 774 3310 Ianuarii
798 3262 827 3327 7,
851 3249 884 3309 in
908 3249 1061 3329 capitulo

337 3385 425 3452 966.
449 3387 516 3472 (Vl.
547 3391 644 3473 121⁰).
668 3389 751 3452 Item
774 3391 1014 3472 deputaverunt
1038 3391 1136 3454 dnum
1160 3389 1304 3470 Olessky
1328 3399 1573 3472 procuratorem
1596 3387 1728 3470 capituli
1744 3388 1785 3450 ad

229 3493 422 3558 solvendum
446 3499 590 3560 notarios
613 3499 795 3561 consistorii
819 3519 880 3579 pro
903 3499 1063 3579 scriptura
1086 3517 1298 3578 processuum
1321 3496 1363 3558 ad
1387 3497 1617 3578 publicandum
1638 3505 1672 3558 et
1696 3515 1786 3576 prac-

228 3603 394 3664 ticandum
417 3605 559 3684 graciam
583 3603 756 3667 iubilei
780 3607 811 3666 in
834 3625 1036 3687 pergameno
1059 3604 1179 3668 laetam
1203 3625 1265 3668 una
1289 3623 1363 3668 cum
1387 3605 1492 3666 media
1516 3606 1632 3666 marcis
1648 3623 1709 3685 pro
1727 3601 1786 3664 hac

228 3710 308 3784 vice,
333 3720 367 3772 et
397 3731 545 3774 cursores
576 3730 650 3773 cum
674 3711 796 3774 eisdem
820 3713 1044 3792 expediendos
1069 3713 1100 3773 in
1124 3713 1215 3792 equis
1238 3732 1351 3775 versus
1376 3711 1584 3784 Cracoviam,
1610 3709 1786 3785 Gneznam‚

229 3815 488 3890 Wladislaviam,
511 3817 684 3890 Ploczsko,
711 3819 969 3892 Warscheviam,
993 3817 1133 3898 Gamby,
1159 3818 1352 3882 Laskarzew
1375 3827 1438 3881 etc.
1463 3819 1504 3880 dc
1522 3819 1708 3881 residuitate
1731 3838 1787 3900 pe·

228 3924 394 3986 cuniarum
418 3926 516 3987 tercie
539 3927 640 4006 partis
664 3925 739 3988 iub
753 3927 762 3987 i
775 3925 815 3987 le
829 3928 838 3987 i
863 3927 1007 4007 preteriti
1025 3946 1153 3988 camere
1169 3927 1351 4006 apostolice
1369 3927 1432 3988 iam
1449 3926 1555 3988 solute
1571 3924 1668 3987 hodie
1684 3947 1703 3986 a
1719 3927 1785 3988 dno

228 4029 349 4093 Iacobo
373 4031 581 4112 Coszmynek
604 4033 838 4096 succollectore
862 4033 1001 4096 Poznan.
1027 4032 1290 4115 recipiendarum.

443 4242 486 4306 A.
516 4257 612 4322 1505,
635 4242 771 4308 Ianuarii
796 4249 828 4320 8,
853 4247 884 4307 in
909 4245 1061 4336 capitulo.

337 4380 426 4449 967.
452 4384 519 4466 (Vl.
550 4386 645 4468 121⁰).
681 4385 804 4450 Ibidem
829 4387 947 4468 prefati
979 4388 1033 4449 dni
1059 4387 1299 4469 deputaverunt
1333 4388 1431 4450 dnum
1456 4386 1633 4450 iohannem
1657 4383 1789 4467 Gorsky

227 4492 380 4554 vicarium
404 4501 438 4554 et
461 4491 629 4556 officialem
665 4493 803 4556 Poznan.
828 4497 1044 4575 equitaturum
1078 4495 1119 4556 ad
1154 4496 1528 4558 conventionem
1563 4491 1787 4556 Srzeden·

227 4619 319 4662 sem
343 4619 404 4680 pro
429 4598 512 4662 sesto
536 4619 562 4662 s
586 4599 694 4664 Prisce
718 4601 892 4664 tenendam
916 4617 1014 4681 super
1037 4599 1123 4663 sacto
1147 4599 1397 4682 introligationis
1421 4599 1567 4681 Pnyewy
1591 4599 1674 4662 dnos
1691 4599 1784 4662 inter·

226 4707 409 4787 rogandum
433 4717 467 4770 et
490 4709 594 4789 ipsam
617 4706 891 4789 introligationem
914 4727 955 4770 eo
979 4707 1115 4770 celerius
1139 4705 1206 4769 fieri
1230 4707 1350 4770 debere
1374 4706 1562 4787 petendum.

440 4918 484 4984 A.
514 4933 613 5000 1505,
636 4918 804 4982 Februarii
834 4935 887 4992 10,
911 4920 942 4980 in
965 4918 1118 4999 capitulo.

335 5057 422 5125 968.
447 5061 514 5144 (Vl.
544 5063 622 5144 124).
646 5061 750 5124 Rmus
776 5111 801 5124 ..
826 5062 909 5124 dnus
933 5059 1094 5122 Iohannes
1118 5059 1209 5141 Epus
1234 5059 1473 5122 commissarius
1496 5057 1682 5140 principalis
1705 5077 1783 5139 apo·

226 5167 362 5232 stolicus
396 5167 437 5230 ad
472 5169 714 5249 practicandum
750 5181 783 5231 et
819 5167 1047 5249 exequendum
1093 5167 1310 5248 indulgentias
1344 5167 1448 5247 gratie
1483 5165 1659 5227 iubilei
1692 5161 1785 5227 Sedis

226 5273 349 5356 Apost.
366 5295 425 5356 per
448 5295 520 5338 eam
543 5276 678 5338 ecclesie
701 5275 839 5339 Poznan.
864 5277 1012 5338 concessi
1035 5274 1218 5356 specialiter
1234 5273 1410 5354 deputatus
1426 5271 1652 5354 subdelegavit
1675 5291 1784 5334 vener.

226 5381 312 5444 dnos
335 5381 511 5446 iohannem
535 5383 722 5464 Lucowsky
747 5383 913 5456 decanum,
938 5381 1108 5444 Nicolaum
1124 5379 1303 5462 Cothwycz
1318 5379 1586 5455 archidiaconum,
1610 5377 1785 5460 Sigismun·

227 5489 313 5563 dum,
338 5488 570 5572 Czyesyelsky,
596 5489 816 5570 Grodziczsky
840 5499 873 5553 et
897 5490 1075 5554 iohannem
1108 5487 1241 5570 Gorsky
1263 5489 1409 5570 aliosque
1433 5488 1516 5550 dnos
1540 5506 1598 5568 per
1621 5485 1782 5566 prefatum

226 5597 326 5662 dnum
350 5597 507 5660 decanum
531 5618 569 5659 ac
594 5599 744 5660 vicarium
769 5597 801 5660 in
825 5596 1066 5682 SpiritualibuS,
1092 5615 1174 5680 quos
1200 5595 1395 5680 principales
1418 5595 1659 5657 commissarios
1683 5591 1782 5676 depu-
