4416 6366
926 565 1015 616 ANNI
1035 563 1112 620 1459.

450 781 494 846 A.
525 798 616 864 1459,
639 782 707 846 lulii
733 799 761 863 3,
786 784 818 845 in
842 781 985 864 capitulo
1009 782 1159 866 generali.

344 921 429 990 516.
468 925 517 1004 (ll.
551 925 633 1006 215).
681 923 923 988 Statutum
956 925 1264 1006 provinciale
1300 924 1629 988 Lanciciense.
1669 924 1789 990 Sancta

202 1043 204 1048 '
234 1033 367 1096 sinodus
391 1033 596 1114 provincialis
619 1032 838 1094 Lanciciensis
861 1034 902 1095 ad
926 1032 1064 1094 futuram
1088 1033 1134 1095 rei
1157 1035 1345 1095 memoriam
1370 1043 1560 1114 perpetuam
1578 1035 1692 1097 statuit
1709 1034 1789 1096 salu-

233 1141 333 1204 briter
356 1149 388 1202 et
412 1139 552 1221 providit
576 1159 636 1220 pro
659 1139 820 1202 bonorum
844 1159 955 1202 mense
980 1141 1174 1223 episcopalis
1205 1142 1272 1202 sive
1304 1141 1474 1203 cuiuslibet
1507 1141 1621 1220 prelati
1652 1142 1684 1202 in
1709 1161 1785 1204 casu

233 1247 415 1312 vacacionis
439 1247 692 1310 conservacione
716 1267 776 1329 pro
800 1247 907 1309 futuro
932 1247 1073 1327 prelato:

340 1371 447 1432 Primo
471 1380 608 1433 vacante
631 1371 766 1433 ecclesia
790 1391 992 1453 corporeque
1016 1371 1131 1453 prelati
1155 1371 1295 1435 defuncti
1319 1371 1437 1434 tradito
1469 1371 1641 1453 sepulture,
1672 1373 1786 1454 prelati

233 1491 266 1542 et
289 1479 434 1544 canonici
458 1488 628 1559 presentes
652 1478 737 1559 apud
762 1479 932 1542 ecclesiam
956 1479 1175 1560 ingrediantur
1199 1479 1304 1542 locum
1330 1480 1540 1559 capitularem
1565 1501 1625 1561 pro
1647 1491 1785 1544 tractatu

232 1586 338 1648 fiendo
370 1606 467 1666 super
499 1586 638 1666 negocio
671 1586 942 1649 electionis
976 1587 1128 1649 futuri
1164 1587 1383 1666 pastoris
1419 1599 1452 1649 et
1483 1587 1643 1649 bonorum
1677 1608 1788 1650 mense

232 1693 426 1776 episcopalis
458 1693 714 1774 gubernacione;
749 1703 783 1756 et
814 1703 989 1776 antequam
1014 1694 1054 1756 ad
1078 1694 1139 1756 alia
1164 1694 1366 1773 procedatur,
1399 1695 1504 1774 primo
1527 1714 1642 1756 omnes
1666 1694 1786 1756 domini

232 1801 272 1862 de
296 1799 438 1881 capitulo
463 1809 539 1862 tunc
564 1811 733 1880 presentes
764 1800 969 1882 singulariter
999 1801 1116 1882 singuli
1148 1811 1295 1881 prestent
1327 1805 1540 1863 iuramentum
1574 1802 1604 1862 in
1637 1802 1785 1864 manibus

232 1908 346 1989 prelati
371 1907 544 1988 superioris
568 1907 687 1968 ibidem
711 1907 881 1970 existentis
906 1918 938 1972 et
963 1907 1105 1990 prelatus
1129 1909 1236 1969 senior
1252 1909 1283 1969 in
1300 1908 1448 1969 manibus
1465 1909 1631 1988 sequentis
1648 1907 1785 1972 subhac

231 2015 350 2076 forma:
376 2013 450 2094 Ego
475 2013 521 2075 N.-
539 2015 617 2084 iuro,
642 2015 730 2094 quod
755 2015 787 2076 in
812 2015 970 2078 electione
993 2015 1261 2078 administratoris
1285 2027 1318 2078 et
1343 2016 1571 2078 distribucione
1594 2028 1784 2090 castrorum,

231 2131 414 2186 tenutarum
450 2131 483 2182 et
510 2119 670 2182 bonorum
706 2141 818 2184 mense
853 2123 1046 2204 episcopalis
1079 2123 1214 2184 ecclesie
1248 2143 1333 2184 nunc
1367 2123 1513 2184 vacantis
1549 2122 1635 2184 dabo
1671 2134 1783 2186 votum

232 2249 337 2291 meum
363 2228 539 2292 secundum
564 2228 669 2290 Deum
693 2241 726 2292 et
750 2249 863 2310 puram
887 2231 1122 2292 conscienciam
1147 2229 1388 2311 nominaboque
1417 2229 1505 2291 illum
1530 2231 1561 2292 in
1585 2230 1786 2293 administra-

230 2347 334 2400 torem
359 2347 392 2400 et
416 2345 653 2416 consequenter
677 2337 708 2398 in
734 2337 984 2418 gubernatorem
1009 2357 1120 2400 mense
1144 2337 1346 2417 episcopalis,
1371 2356 1468 2418 quem
1493 2337 1617 2398 scivero
1638 2347 1671 2400 et
1687 2337 1809 2412 credi,

230 2445 308 2507 dero
332 2443 496 2508 meliorem
521 2453 554 2504 et
577 2443 736 2507 utiliorem
761 2465 821 2526 pro
844 2444 1027 2508 huiusmodi
1050 2443 1156 2506 officio
1179 2444 1470 2506 administracionis
1487 2454 1519 2506 et
1536 2443 1785 2526 gubernacionis

230 2551 379 2615 videlicet
403 2550 601 2624 sustinendo
625 2571 690 2612 non
714 2551 826 2614 habito
850 2563 999 2633 respectu
1030 2553 1071 2614 ad
1099 2551 1305 2613 commodum
1331 2551 1506 2631 proprium,
1542 2551 1784 2632 consanguinei·

230 2669 340 2732 tatem,
357 2657 532 2722 amiciciam
546 2657 598 2719 vel
612 2658 763 2732 savorem,
781 2659 940 2740 bonaque,
957 2679 1020 2746 que
1036 2658 1130 2720 michi
1147 2659 1320 2720 commissa
1336 2657 1452 2721 fuerint
1469 2657 1510 2720 ad
1528 2657 1784 2740 gubernandum,

229 2765 364 2828 fideliter
387 2775 420 2828 et
445 2765 563 2828 utiliter
586 2764 783 2846 dispensabo
800 2777 833 2830 et
850 2766 974 2838 tuebor,
998 2767 1225 2847 racionemque
1242 2765 1282 2828 de
1300 2767 1345 2828 eis
1361 2765 1505 2828 debitam
1522 2775 1555 2827 et
1571 2763 1783 2828 sufficientem

230 2873 342 2934 faciam
366 2872 473 2936 futuro
497 2872 649 2953 pontifici,
673 2873 749 2934 dum
774 2894 870 2954 super
894 2874 956 2936 hoc
980 2873 1069 2935 suero
1094 2874 1273 2954 requisitus,
1298 2874 1329 2935 in
1353 2893 1416 2954 qua
1440 2873 1466 2936 si
1490 2871 1648 2943 defecero
1674 2873 1781 2934 omnia

230 2981 385 3061 promitto
409 2981 576 3043 restituere
599 2979 709 3042 futuro
733 2979 884 3061 pontifici,
909 3017 951 3026 -
976 2981 1022 3044 sic
1046 3001 1098 3042 me
1123 2981 1212 3042 Deus
1235 2981 1365 3042 adiuvet
1389 2989 1422 3042 et
1445 2978 1505 3041 hec
1529 2977 1562 3042 S.
1585 2979 1782 3062 Evangelia.

335 3103 450 3168 Electo
485 3106 596 3186 itaque
631 3105 893 3168 administratore
931 3115 1130 3186 receptoque
1168 3105 1209 3168 ab
1245 3125 1285 3168 eo
1321 3106 1508 3178 iuramento,
1548 3105 1636 3186 quod
1676 3105 1783 3168 debite

229 3197 364 3275 fideliter
388 3222 420 3276 et
446 3213 527 3274 iuste
551 3223 731 3293 exequetur
754 3212 892 3275 officium
918 3213 977 3276 sibi
1001 3215 1219 3290 commissum,
1242 3213 1437 3294 procedatur
1460 3212 1501 3274 ad
1517 3211 1780 3275 distribucionem

229 3319 388 3382 bonorum
414 3339 525 3381 mense
549 3320 743 3400 episcopalis
767 3321 808 3382 ad
832 3320 1077 3402 gubernandum
1102 3322 1164 3384 isto
1189 3322 1303 3383 modo:
1337 3321 1451 3400 primo,
1482 3319 1570 3401 quod
1598 3339 1664 3381 non
1689 3319 1783 3382 detur

228 3427 424 3508 gubernaclo
448 3427 606 3488 dictorum
631 3426 792 3488 bonorum
817 3427 941 3507 petenti
964 3429 1068 3507 ipsam
1092 3437 1147 3490 aut
1171 3428 1275 3508 ipsam
1307 3448 1365 3508 per
1397 3425 1700 3489 subordinacionem
1733 3426 1784 3488 ali·

228 3553 323 3613 quam
348 3533 409 3596 sibi
432 3533 499 3595 dari
524 3534 725 3614 procuranti;
762 3543 795 3596 et
819 3533 908 3615 quod
932 3534 1130 3614 gubernaclo
1154 3537 1250 3597 castri
1274 3533 1443 3596 cuiuslibet
1473 3544 1506 3596 et
1530 3534 1780 3614 uniuscuiusque

228 3651 427 3704 tenure-non
452 3641 553 3713 detur,
577 3641 637 3702 nisi
662 3641 715 3702 uni
739 3661 878 3722 persone
899 3651 1026 3704 tantum
1043 3641 1083 3703 de
1105 3643 1228 3724 gremio
1245 3642 1384 3722 capituli,
1410 3661 1474 3722 que
1490 3650 1635 3722 prestare
1652 3640 1784 3703 debebit

228 3748 441 3810 iuramentum
466 3767 563 3829 super
586 3747 794 3810 restitucione
817 3749 914 3810 castri
944 3759 1000 3810 aut
1023 3759 1135 3811 tenute
1167 3749 1308 3828 capitulo
1341 3748 1477 3810 durante
1508 3745 1666 3828 capitu10,
1698 3746 1784 3809 sacta

226 3875 304 3916 vero
321 3855 513 3934 provisione,
531 3857 688 3935 episcopo
708 3857 854 3935 proviso;
879 3865 1052 3936 postquam
1070 3856 1268 3936 prestiterint
1285 3857 1497 3917 iuramentum
1514 3853 1554 3915 de
1571 3853 1783 3915 observandis

226 3964 355 4024 statutis
379 3971 412 4024 et
434 3963 721 4026 consuetudinibus
745 3963 880 4025 ecclesie
904 3963 1102 4043 approbatis,
1127 3964 1267 4044 inquirat
1289 3963 1529 4026 administrator
1551 3971 1628 4024 vota
1644 3960 1783 4042 singulo·
1827 3953 1874 3990 ·”

225 4089 295 4131 rum
320 4071 425 4150 primo
448 4089 546 4150 super
569 4079 677 4132 castro
701 4071 756 4132 tali
779 4069 823 4144 S,
848 4071 918 4151 quis
943 4090 985 4132 ex
1008 4071 1132 4150 gremio
1157 4069 1287 4150 capituli
1312 4079 1388 4131 tunc
1412 4088 1547 4149 presens
1572 4069 1639 4130 sive
1663 4067 1782 4130 absens

225 4175 325 4248 fuerit,
350 4176 453 4257 magis
477 4175 626 4256 ydoneus
650 4187 683 4239 et
708 4177 815 4239 utilior
838 4197 898 4257 pro
922 4177 1077 4258 regimine
1101 4179 1197 4238 castri
1221 4175 1253 4238 S.
1278 4196 1306 4237 a.
1332 4176 1361 4237 b.
1387 4181 1498 4238 tenute
1522 4175 1559 4238 B.
1577 4174 1628 4236 vel
1646 4173 1680 4236 C.
1697 4174 1801 4264 vid-e·-

225 4294 304 4356 atur,
329 4293 362 4345 et
386 4285 418 4344 in
442 4302 539 4364 quem
556 4284 657 4345 maior
674 4303 749 4365 pars
765 4283 896 4364 capituli
912 4285 1100 4345 convenerit
1115 4295 1171 4347 aut
1187 4283 1395 4352 consenserit,
1413 4281 1456 4344 illi
1473 4281 1566 4344 detur
1583 4281 1780 4362 gubernaclo

224 4390 321 4452 castri
345 4400 377 4452 et
402 4399 513 4452 tenute
536 4390 568 4451 b.
593 4390 644 4451 vel
669 4390 700 4452 b.
725 4409 797 4452 cum
823 4391 882 4452 sibi
906 4391 1127 4453 adiacentibus
1151 4391 1254 4460 bonis,
1284 4399 1317 4452 et
1340 4391 1385 4451 sic
1410 4388 1464 4452 fiat
1488 4388 1529 4452 de
1552 4387 1686 4469 singulis
1710 4389 1780 4451 aliis

224 4498 345 4560 tenutis
368 4495 501 4558 aliorum
526 4497 686 4558 bonorum
710 4517 822 4560 mense
845 4495 982 4577 prelate;
1017 4507 1050 4559 et
1073 4497 1161 4578 quod
1195 4497 1268 4559 talis
1292 4496 1416 4558 electus
1439 4496 1583 4576 prelatus
1608 4505 1664 4557 aut
1688 4515 1784 4556 cano·

224 4605 313 4664 nicus
337 4613 485 4666 teneatur
508 4613 541 4665 et
565 4605 606 4666 sit
629 4605 779 4667 astrictus
810 4624 974 4666 assumere
1006 4602 1190 4666 huiusmodi
1222 4603 1496 4684 gubernacionem
1529 4601 1589 4664 sub
1618 4622 1702 4683 pena
1733 4601 1781 4664 lV

223 4729 402 4772 marcarum
429 4711 555 4791 argenti
587 4709 706 4772 fabrice
738 4711 873 4772 ecclesie
904 4711 1107 4791 applicanda,
1139 4711 1305 4791 iurareque
1335 4710 1505 4780 tenebitur,
1537 4709 1624 4790 quod
1648 4708 1782 4772 fideliter

223 4815 461 4878 administrabit
485 4829 517 4879 et
541 4817 736 4898 gubernabit
759 4817 929 4881 bonasibi
954 4818 1074 4879 credita
1098 4829 1130 4880 et
1155 4818 1222 4879 eius
1248 4817 1479 4899 gubernacioni
1503 4817 1684 4878 commissa.

331 4941 521 5003 Distributis
554 4942 651 5021 igitur
685 4941 779 5003 bonis
815 4961 926 5003 mense
961 4941 1156 5022 episcopalis
1191 4942 1244 5014 sic,
1285 4951 1320 5004 ut
1355 4942 1557 5022 premittitur,
1593 4940 1634 5002 ad
1668 4940 1782 5022 guber·

223 5049 365 5110 nandum
390 5057 579 5128 statutoque
603 5047 740 5109 termino
765 5067 824 5128 pro
849 5048 1008 5110 electione
1032 5048 1129 5110 futuri
1145 5048 1315 5128 pontilicis,
1340 5049 1499 5111 citacione
1518 5047 1649 5110 decreta
1665 5058 1779 5111 contra

221 5156 376 5216 absentes
408 5165 441 5217 et
464 5175 521 5216 sua
546 5156 701 5216 interesse
733 5166 894 5234 putantes,
925 5155 1167 5217 administrator
1200 5157 1308 5218 mittat
1340 5155 1506 5236 proprium
1539 5155 1699 5216 notarium
1723 5164 1778 5216 aut

222 5262 426 5342 capellanum
451 5283 524 5323 cum
550 5261 695 5342 quolibet
719 5262 881 5324 tenutario
906 5261 946 5323 ad
971 5273 1117 5324 tenutam
1142 5262 1201 5325 sibi
1226 5262 1335 5324 datam
1366 5262 1408 5324 ad
1432 5260 1687 5344 gubernandum,
1722 5261 1777 5342 qui

222 5389 332 5432 coram
357 5367 495 5430 testibus
520 5368 614 5430 faciat
645 5369 859 5430 inventarium
893 5369 924 5429 in
957 5369 1091 5447 singulis
1123 5369 1203 5432 locis
1234 5379 1346 5432 tenute
1377 5388 1540 5439 censuum,
1573 5369 1779 5442 decimarum,

223 5476 462 5546 maldratarum,
486 5475 667 5538 debitorum
694 5485 726 5535 et
750 5475 884 5536 aliorum
909 5475 1069 5537 bonorum
1094 5475 1328 5552 derelictorum,
1353 5477 1442 5538 cuius
1463 5475 1631 5538 inventarii
1647 5476 1777 5556 scriptu-

221 5603 290 5644 ram
315 5581 422 5644 tradat
445 5582 698 5645 administratori
722 5601 794 5642 cum
818 5581 920 5644 tribus
943 5583 1012 5644 aliis
1045 5583 1084 5644 de
1117 5583 1259 5662 capitulo
1290 5603 1349 5664 per
1378 5585 1483 5664 ipsum
1516 5581 1691 5663 capitulum
1720 5603 1776 5644 seu
