4458 6356
960 585 1050 636 ANNI
1069 583 1146 638 1432.
1497 591 1500 598 '
1802 602 1836 666 15

280 675 637 684 ——-·-—.-.—-——----
1111 679 1213 684 -....—
1259 678 1274 683 --
1284 678 1333 684 --.
1339 679 1348 682 -
1359 677 1608 685 ..ο-..ι--ψ-ύ-
1615 677 1834 686 ———-.——.

278 799 311 858 in
334 799 667 860 convencione
702 795 973 861 Gneznensi
1003 818 1102 880 super
1124 798 1333 861 restitucione
1357 797 1517 860 bonorum
1541 797 1833 862 ecclesiasticorum

278 913 312 966 et
335 902 564 984 redempcione
588 902 765 966 eorundem
789 903 1002 968 determinate
1025 915 1110 968 stare
1134 907 1296 978 volentes,
1321 904 1470 968 nolentes
1494 906 1613 976 eciam,
1638 905 1725 986 quod
1749 905 1832 968 inde·

277 1009 345 1072 bite
368 1030 427 1091 per
450 1010 629 1073 tenutarios
652 1010 693 1072 de
716 1020 825 1074 cetero
849 1010 981 1074 distrahi
996 1012 1174 1086 videantur,
1199 1012 1389 1076 tractatibus
1406 1011 1555 1073 hincinde
1571 1010 1612 1072 de
1627 1013 1835 1074 restitucione

279 1116 439 1179 bonorum
462 1136 574 1180 mense
597 1117 729 1199 capituli
753 1116 937 1198 prehabitis,
962 1128 1074 1181 taxant
1098 1139 1196 1200 super
1219 1119 1449 1199 redempcione
1473 1117 1649 1181 eorundem
1673 1119 1715 1182 ab
1739 1121 1839 1182 omni·

280 1223 340 1286 bus
364 1223 496 1305 prelatis
518 1234 552 1287 et
575 1224 746 1297 canonicis
771 1225 974 1305 provisiones
991 1245 1102 1288 mense
1117 1225 1249 1306 capituli
1273 1225 1476 1300 habentibus,
1501 1226 1696 1308 exigendam
1714 1237 1747 1288 et
1763 1246 1836 1288 con-

280 1329 484 1394 tribuendam
500 1330 569 1394 fore
590 1331 813 1394 decreverunt.
838 1331 1059 1395 Consideratis
1082 1334 1191 1414 itaque
1214 1331 1378 1394 valoribus
1402 1333 1623 1412 provisionum
1641 1332 1840 1413 prelatorum

280 1446 314 1500 et
336 1439 566 1500 canonicorum
590 1438 821 1502 decreverunt:
858 1438 947 1520 quod
970 1459 1077 1502 vener.
1102 1439 1186 1502 dnus
1217 1438 1372 1501 Nicolaus
1397 1438 1589 1502 scolasticus
1612 1438 1709 1501 Pozn.
1734 1439 1842 1502 solvat

280 1555 347 1608 tres
370 1565 496 1608 marcas
530 1566 591 1627 pro
626 1545 871 1609 contribucione
905 1545 1036 1624 eadem;
1076 1545 1152 1610 item
1185 1546 1307 1624 honor.¹
1330 1546 1412 1608 dnus
1444 1545 1609 1626 Nowyecz
1633 1546 1728 1624 duas;
1765 1547 1842 1610 item

282 1653 364 1716 dnus
387 1652 414 1714 F
418 1672 528 1714 urman
553 1654 648 1729 duas;
683 1653 761 1716 item
784 1672 892 1715 vener.
921 1652 1004 1714 dnus
1036 1653 1176 1716 Mathias
1207 1652 1299 1733 Drya
1322 1652 1401 1714 duas
1410 1673 1417 1730 ;
1453 1653 1530 1714 item
1555 1653 1637 1715 dnus
1661 1651 1837 1735 Hungarus

287 1769 365 1837 tres;
401 1760 479 1821 item
510 1777 592 1841 mgr.
617 1757 790 1821 Strzeszko
815 1769 897 1838 tres;
934 1760 1010 1822 item
1035 1758 1118 1822 dnus
1142 1757 1281 1822 Mathias
1306 1759 1516 1842 Chlapowski
1540 1769 1621 1838 tres;
1657 1760 1734 1824 item
1758 1760 1842 1824 dnus

283 1865 441 1930 Albertus
465 1866 561 1945 duas;
597 1867 674 1929 item
709 1867 791 1928 dnus
820 1865 987 1946 Johannes
1022 1866 1125 1930 abbas
1157 1867 1197 1929 de
1228 1865 1420 1929 Przemanth
1455 1867 1612 1948 quinque;
1647 1869 1723 1929 item
1759 1867 1842 1931 dnus

284 1971 508 2036 Wronczinski
531 1972 651 2052 llll-0r;
676 1973 754 2036 item
778 1972 861 2035 dnus
885 1972 1010 2036 Hector
1033 1983 1100 2036 tres
1108 1993 1116 2052 ;
1141 1975 1217 2037 item
1241 1974 1324 2036 dnus
1353 1973 1394 2037 N.
1420 1971 1650 2036 Glamboczski
1674 1973 1843 2037 archidiac.

283 2091 349 2146 tres
373 2101 514 2159 marcas;
539 2080 617 2144 item
641 2080 724 2143 dnus
748 2079 934 2142 Lanthman
958 2080 1054 2158 duas;
1082 2082 1160 2144 item
1185 2081 1266 2143 dnus
1290 2080 1461 2143 Florianus
1484 2080 1575 2144 duas.
1602 2117 1642 2126 —-
1667 2081 1748 2144 Item
1772 2101 1846 2162 pre-

284 2189 397 2271 scripti
421 2188 476 2252 dni
499 2185 615 2270 prelati
650 2187 879 2262 decreverunt,
914 2189 1003 2270 quod
1027 2188 1162 2269 quilibet
1192 2199 1304 2251 tanam
1336 2187 1387 2250 hic
1411 2198 1600 2251 contentam
1633 2187 1740 2251 solvat
1763 2187 1843 2250 infra

283 2295 357 2358 hinc
379 2305 413 2359 et
436 2295 612 2378 capitulum
636 2293 788 2377 generale
812 2295 997 2375 proximum
1020 2295 1080 2358 sub
1104 2295 1299 2377 privacione.

391 2415 450 2486 74.
474 2419 511 2504 (Ι.
529 2417 601 2500 77⁰)
624 2419 706 2482 Item
731 2419 849 2482 ibidem
873 2439 979 2482 vener.
1004 2418 1087 2482 dnus
1110 2418 1310 2502 Predvogius
1334 2419 1374 2482 de
1398 2417 1520 2482 Grandi
1543 2419 1679 2482 vicarius
1703 2420 1734 2481 in
1752 2417 1846 2501 Spiri-

283 2527 424 2591 tualibus
459 2526 557 2590 Pozn.
582 2526 741 2608 generalis
765 2525 846 2589 dixit
870 2547 906 2590 se
929 2526 1013 2589 velle
1036 2527 1216 2589 concedere
1247 2527 1319 2590 dnis
1353 2527 1393 2588 de
1421 2527 1565 2607 capitulo
1597 2525 1695 2589 XXX
1720 2547 1845 2590 marcas

284 2655 344 2716 pro
367 2634 599 2715 redempcione
634 2634 779 2716 argenti,
815 2633 883 2696 auri
906 2635 938 2695 in
962 2633 1094 2718 civitate
1117 2632 1213 2696 Pozn.
1239 2635 1430 2715 propositi,¹
1453 2654 1533 2714 quas
1569 2633 1689 2696 ibidem
1720 2634 1847 2696 solvere

285 2742 502 2822 promiserunt
524 2739 605 2802 inira
628 2739 702 2802 hinc
727 2750 759 2804 et
782 2739 901 2804 festum
926 2739 1113 2803 Nativitatis
1137 2739 1191 2802 dni
1209 2741 1402 2821 proximum,
1428 2761 1494 2803 non
1518 2740 1687 2803 evadendo
1713 2741 1844 2822 expedi-

285 2848 432 2911 cionibus
455 2857 510 2911 aut
534 2849 651 2929 quovis
673 2847 755 2910 alios
779 2847 908 2928 quesito
935 2844 1054 2910 colore.

395 2968 682 3054 75.(1bid.)1tem
705 2991 812 3034 vener.
835 2973 905 3035 viro
938 2971 1004 3034 dno
1036 2971 1157 3038 Mathie
1186 2971 1277 3054 Drya
1300 2972 1424 3036 decano
1455 2972 1552 3035 Pozn.
1576 2973 1610 3036 V
1633 2992 1758 3036 marcas
1782 2993 1842 3054 pro

286 3081 337 3143 via
360 3099 473 3143 versus
496 3078 774 3141 Lanciciam
809 3078 850 3141 ad
873 3079 972 3142 dnum
997 3079 1124 3162 Regem
1148 3099 1221 3142 cum
1254 3079 1497 3142 contribucione
1532 3081 1738 3161 pecuniarum
1763 3080 1847 3142 ituro

287 3187 524 3268 deputaverunt
561 3185 630 3248 fore
668 3185 807 3261 dandas,
843 3185 923 3248 duas
958 3206 1053 3258 ver0,
1090 3185 1194 3270 [quas]
1231 3207 1290 3268 pro
1326 3189 1571 3283 contribucione
1613 3187 1690 3250 dare
1728 3188 1846 3262 debuit,

288 3294 392 3357 eidem
416 3292 668 3357 defalcaverunt.

495 3503 539 3572 A.
571 3521 667 3584 1432,
687 3504 770 3585 ,lunii
796 3519 860 3584 30,
878 3506 910 3568 in
934 3505 1078 3587 capitulo
1102 3506 1254 3588 generali.

398 3641 458 3711 76.
483 3645 516 3728 ll.
540 3647 639 3729 78)..
664 3647 785 3711 Vener.
820 3658 852 3711 et
875 3646 990 3710 honor.
1023 3649 1081 3710 viri
1112 3649 1208 3713 dni..
1234 3649 1349 3730 prelati
1379 3657 1413 3710 et
1435 3647 1627 3711 canonici..
1652 3649 1768 3711 auditis
1792 3648 1850 3711 dis-

289 3753 492 3816 sensionibus
523 3754 607 3818 inter
633 3775 740 3818 vener.
759 3765 807 3819 et
832 3755 953 3818 honor.
985 3756 1073 3818 viros
1096 3755 1179 3819 dnos
1210 3753 1366 3819 Mathiam
1390 3753 1480 3835 Drya
1504 3755 1661 3818 decanum
1685 3755 1782 3818 Pozn.
1817 3765 1850 3818 et

290 3859 461 3923 Nicolaum
485 3859 671 3924 Lanthman
695 3881 809 3925 canon.
835 3882 895 3943 pro
918 3871 952 3925 et
976 3882 1073 3942 super
1095 3861 1288 3942 quibusdam
1313 3862 1537 3925 oblacionibus
1553 3883 1578 3925 s.
1596 3863 1698 3925 Marie
1717 3862 1849 3944 Magda-

291 3965 363 4030 lene
385 3967 418 4029 in
441 3966 602 4031 Poznania
626 3969 792 4032 suscitatis
816 3979 849 4031 et
866 3969 955 4042 ortis,
978 3988 1044 4030 non
1069 3969 1216 4032 valentes
1240 3968 1336 4031 finem
1360 3969 1503 4032 debitum
1528 3969 1589 4032 ista
1612 3971 1682 4032 vice
1705 3969 1850 4050 partibus

292 4075 470 4155 imponere,
493 4077 665 4138 terminum
697 4095 794 4157 super
824 4075 988 4139 decisione
1014 4095 1110 4138 cause
1133 4073 1315 4139 huiusmodi
1339 4075 1478 4151 tamdiu,
1513 4096 1681 4158 quousque
1704 4075 1848 4157 prelatus

290 4180 375 4244 dnus
396 4181 536 4245 Mathias
560 4181 651 4264 Drya
675 4183 816 4246 decanus
839 4205 858 4246 a
882 4184 947 4246 dno
972 4183 1066 4265 Rege
1088 4182 1130 4245 de
1152 4181 1354 4246 Lancicia
1377 4203 1544 4264 regressus
1577 4182 1670 4247 suerit
1695 4193 1728 4246 et
1754 4183 1850 4245 ambe

291 4297 400 4369 partes
424 4289 455 4351 in
479 4288 553 4351 loco
577 4289 693 4354 suerint
716 4292 901 4367 constitute,
926 4299 1193 4371 prorogaverunt,
1222 4289 1449 4362 decernenteS,
1485 4289 1573 4371 quod
1604 4299 1680 4352 tunc
1703 4309 1741 4351 ac
1765 4291 1792 4352 si
1816 4291 1848 4350 in

292 4395 434 4476 capitulo
457 4395 599 4478 generali
623 4395 720 4460 linem
744 4397 838 4461 dictis
862 4397 1008 4480 partibus
1024 4395 1211 4478 imponendi
1227 4395 1395 4460 habebunt
1411 4395 1631 4459 omnimodam
1648 4396 1845 4459 facultatem.

506 4605 550 4670 A.
579 4623 678 4688 1432,
697 4606 769 4688 Julii
793 4623 850 4695 23,
874 4607 907 4670 in
932 4607 1086 4690 capitulo.

400 4743 460 4812 77.
485 4747 519 4829 (Ι.
544 4749 598 4829 84)
612 4797 641 4812 ..
665 4748 787 4813 Vener.
812 4748 896 4813 dnus
915 4749 1081 4830 jaranduS,
1105 4749 1296 4814 scolasticus
1320 4748 1576 4823 Crusviciensis,
1592 4749 1718 4824 Rdum,
1742 4769 1851 4812 vener.

293 4863 326 4917 et
348 4853 463 4918 honor.
488 4856 575 4918 viros
599 4855 683 4919 dnos
707 4855 903 4920 Stanislaum
926 4857 1034 4939 Epum
1057 4856 1165 4930 Pozn.,
1189 4856 1405 4938 Predvogium
1438 4857 1478 4920 de
1502 4855 1624 4920 Grandi
1648 4855 1850 4938 prepositum

294 4959 416 5024 Gnezn.
452 4963 605 5024 vicarium
636 4965 668 5025 in
698 4962 925 5045 Spiritualibus
955 4963 1052 5026 Pozn.
1084 4963 1286 5046 generalem,
1322 4963 1493 5027 Nicolaum
1528 4964 1570 5026 de
1605 4961 1850 5026 Glamboczecz.

293 5066 407 5142 Pozn.,
443 5067 573 5132 Petrum
598 5069 789 5152 Hungarum
812 5069 1035 5134 Srzemensem
1059 5069 1317 5144 archidiaconos,
1352 5071 1394 5133 N.
1419 5070 1460 5133 de
1483 5069 1595 5134 Gorka
1618 5071 1855 5144 cancellarium,

294 5173 336 5240 N.
359 5174 583 5250 scolasticum,
614 5175 797 5256 Janussium
821 5177 862 5240 de
884 5175 1073 5251 Scholowo,
1110 5176 1313 5250 Florianum,
1345 5196 1472 5259 mgrum
1496 5176 1786 5251 Strzeschkonem,
1809 5176 1852 5240 N.

296 5279 498 5358 Lanthman,
522 5281 700 5346 Hectorem
724 5285 926 5364 prepositum
950 5282 1234 5359 Gluschinensem,
1258 5281 1461 5365 Sluplronem
1485 5283 1525 5346 de
1548 5281 1763 5358 Schamotuli,
1787 5283 1853 5346 Ma·

294 5386 395 5450 thiam
418 5389 459 5451 de
482 5387 665 5466 Tarnowo,
684 5389 865 5470 Johannem
889 5389 1048 5466 Furman,
1072 5389 1248 5454 Albertum
1273 5390 1313 5452 de
1339 5387 1540 5463 laroschewo
1564 5399 1598 5453 et
1621 5388 1788 5453 Andream
1813 5389 1854 5452 de

294 5491 452 5558 Sarnowo
487 5495 631 5576 prelatos
661 5507 695 5560 et
724 5497 941 5560 canonicos..
979 5497 1104 5561 monuit
1134 5507 1168 5560 et
1190 5497 1374 5579 requisivit,
1410 5498 1560 5579 quatinus
1583 5497 1624 5560 de
1647 5497 1854 5578 prepositura

297 5613 440 5665 vacante
463 5604 494 5665 in
519 5604 655 5667 ecclesia
690 5603 786 5668 Pozn.
819 5625 877 5686 per
907 5604 1031 5668 obitum
1062 5603 1116 5666 dni
1140 5603 1270 5666 Alberti
1300 5604 1561 5684 Jastrzambyecz
1595 5605 1753 5687 prepositi
1777 5603 1854 5666 olim
