4458 6356
921 585 1015 635 ACTA
1034 585 1197 636 CAPITULI
1216 585 1471 637 POZNANOENSIS

630 797 673 860 A.
703 816 794 878 1430,
818 797 1019 880 Septembris
1048 815 1094 874 12,
1119 800 1150 860 in
1175 799 1328 880 capitulo.

522 937 583 1006 27.
608 940 640 1022 (Ι.
667 941 718 1023 36)
742 940 783 1003 D.
808 941 921 1004 Martis
951 957 989 1004 10
1013 939 1215 1021 Septembris
1229 941 1264 1024 (s)
1287 963 1395 1006 vener.
1419 951 1452 1004 et
1475 940 1590 1004 honor.
1607 941 1665 1004 viri
1684 939 1772 1004 dni..
1797 941 1912 1022 prelati
1937 951 1970 1004 et

415 1048 595 1111 canonici..
621 1048 719 1110 dnum
744 1047 921 1111 Hectorem
946 1049 1150 1129 prepositum
1175 1046 1445 1112 Gluschinensem
1474 1048 1515 1110 ad
1539 1048 1638 1110 dnum
1662 1047 1789 1130 Regem
1814 1049 1846 1110 in
1870 1069 1968 1131 nego·

414 1157 471 1218 ciis
503 1154 639 1218 ecclesie
663 1166 696 1218 et
719 1155 850 1236 capituli
873 1175 985 1218 versus
1009 1165 1166 1218 terram
1190 1153 1422 1220 Sandomir.
1448 1157 1564 1220 iturum
1589 1155 1838 1236 deputaverunt.

628 1331 670 1395 A.
700 1348 797 1411 1430,
822 1329 1023 1413 Septembris
1052 1335 1105 1404 18,
1130 1333 1161 1393 in
1186 1331 1337 1413 capitulo.

522 1453 581 1521 28.
608 1456 643 1537 (l.
670 1456 720 1536 36)
744 1455 866 1518 Vinum
897 1455 1024 1518 Dolsko
1050 1491 1087 1501 —
1114 1457 1174 1519 Die
1197 1457 1310 1520 Martis
1334 1506 1362 1521 ..
1387 1457 1479 1520 Rdus
1503 1505 1529 1519 ..
1553 1455 1636 1520 dnus
1667 1454 1846 1520 Stanislaus
1877 1457 1968 1537 Epus

415 1563 511 1626 Pozn.
537 1584 576 1626 eo
600 1563 718 1636 audito,
742 1564 816 1644 quia
840 1573 978 1644 protunc
1001 1563 1137 1627 ecclesia
1161 1584 1220 1646 pro
1244 1563 1445 1628 celebrandis
1469 1565 1585 1627 divinis
1608 1563 1778 1638 defecerat,
1797 1583 1895 1626 unum
1912 1584 1970 1627 vas

413 1671 479 1734 vini
502 1669 542 1733 de
566 1671 665 1751 opido
689 1669 825 1742 Dolsko,
851 1690 916 1731 non
941 1691 983 1732 ex
1007 1671 1118 1734 debito
1143 1671 1200 1734 sed
1224 1671 1264 1733 ad
1289 1672 1484 1752 peticionem
1516 1670 1653 1734 dnorum
1677 1671 1718 1734 de
1742 1671 1884 1754 capitulo
1908 1691 1969 1752 pro

415 1779 501 1841 dicta
524 1777 659 1840 ecclesia
682 1776 777 1840 Pozn.
802 1778 890 1840 dedit
914 1788 947 1840 et
970 1779 1157 1860 assignavit.

522 1880 583 1948 29.
609 1883 642 1966 (I.
669 1884 737 1967 36⁰)
769 1883 833 1946 Dni
865 1883 1018 1948 Hectoris
1042 1923 1084 1930 —
1109 1885 1170 1947 Die
1201 1885 1314 1948 Martis
1338 1933 1368 1948 ..
1393 1905 1499 1948 vener.
1524 1894 1556 1948 et
1580 1883 1694 1948 honor.
1720 1883 1774 1946 dni
1799 1933 1827 1948 ..
1852 1884 1969 1966 prelati

415 2001 448 2056 et
471 1992 617 2054 canonici
648 2012 757 2054 vener.
789 1991 891 2053 virum
922 1991 1021 2054 dnum
1053 1993 1230 2055 Hectorem
1265 1993 1467 2073 prepositum
1503 1990 1773 2055 Gluschinensem
1805 1991 1845 2054 ad
1870 1991 1968 2054 dnum

416 2099 542 2180 Regem
566 2118 678 2161 versus
701 2108 857 2162 terram
880 2095 1106 2164 Sandomir.
1135 2100 1167 2162 in
1198 2099 1284 2162 facto
1315 2100 1450 2162 ecclesie
1479 2110 1512 2162 et
1534 2099 1666 2180 capituli
1690 2109 1724 2161 et
1748 2099 1915 2180 signanter
1937 2099 1969 2160 in

415 2205 501 2268 facto
526 2205 631 2267 balnei
662 2206 750 2288 opidi
783 2203 1001 2268 Walischewo
1037 2207 1153 2270 iturum
1185 2192 1437 2286 deputaverunt,
1473 2207 1523 2268 cui
1548 2205 1661 2268 decem
1686 2226 1810 2269 marcas
1833 2226 1893 2286 pro
1918 2227 1970 2268 ex·

415 2313 524 2394 pensis
549 2312 672 2374 dandas
695 2311 764 2374 fore
788 2311 1014 2386 decreverunt,
1047 2314 1274 2384 decernentes,
1307 2313 1395 2394 quod
1418 2315 1444 2376 si
1468 2315 1557 2376 etin
1581 2323 1736 2394 quantum
1761 2313 1802 2375 de
1827 2314 1965 2394 propriis

416 2419 560 2500 pecuniis
594 2420 800 2500 exposuerit,
835 2429 890 2482 aut
922 2421 948 2482 si
979 2421 1084 2502 alique
1112 2420 1253 2502 dampna
1284 2421 1316 2482 in
1347 2421 1438 2502 equis
1472 2419 1524 2484 vel
1548 2421 1644 2482 rebus
1669 2420 1710 2482 ibi
1735 2420 1843 2482 eundo
1866 2431 1899 2483 et
1922 2440 1967 2482 re·

416 2526 554 2601 deundo,
578 2525 666 2606 quod
693 2525 786 2601 absit,
817 2527 1014 2607 perceperit,
1049 2525 1109 2590 hec
1141 2529 1250 2590 omnia
1280 2527 1320 2590 de
1351 2529 1496 2608 pecuniis
1527 2525 1658 2607 capituli
1682 2526 1741 2590 sibi
1765 2526 1847 2589 solvi
1871 2527 1968 2589 debe-

416 2633 543 2696 buntur.

521 2735 579 2803 30.
604 2739 703 2822 (lbid.)
727 2737 877 2802 Sublacio
902 2759 1113 2820 processuum
1136 2751 1249 2804 contra
1273 2739 1438 2804 debitores
1461 2761 1671 2803 censuum—
1696 2739 1757 2802 Die
1782 2761 1848 2823 quo
1872 2762 1970 2824 supra

416 2866 524 2909 vener.
548 2866 628 2928 mgr.
652 2845 848 2910 Vincencius
872 2844 959 2910 Coth
983 2845 1120 2909 vicarius
1144 2849 1174 2909 in
1200 2849 1418 2930 spiritualibus
1442 2867 1550 2930 gener.
1573 2867 1646 2909 cum
1670 2847 1739 2910 aliis
1763 2848 1834 2911 dnis
1856 2848 1896 2910 de
1919 2869 1971 2911 ca-

415 2953 518 3034 pitulo
542 2953 690 3016 effectum
716 2955 875 3017 interdicti
898 2975 936 3016 ac
961 2955 1104 3016 omnium
1141 2975 1351 3036 processuum
1382 2965 1497 3018 contra
1524 2975 1638 3016 omnes
1672 2965 1704 3017 et
1728 2953 1876 3037 singulos
1899 2976 1970 3018 cen·

415 3080 508 3122 suurn
532 3059 662 3142 capituli
679 3061 842 3124 debitores
867 3061 1067 3142 prolatorum
1092 3061 1172 3124 infra
1195 3061 1269 3124 hinc
1293 3073 1326 3126 et
1350 3081 1533 3144 regressum
1558 3061 1762 3124 dominorum
1787 3063 1827 3124 de
1851 3083 1969 3145 expe-

416 3167 588 3230 dicione
611 3167 819 3232 sustulerunt.

633 3343 676 3406 Α.
707 3362 805 3424 1430,
831 3343 986 3408 Octobris
1011 3363 1067 3424 24,
1093 3348 1124 3408 in
1148 3345 1299 3428 capitulo.

524 3464 584 3532 31.
607 3469 640 3550 (Ι.
667 3471 717 3550 37)
741 3469 791 3532 De
808 3470 922 3532 sinodo
936 3470 1071 3533 -Item
1094 3471 1124 3532 d.
1143 3470 1248 3533 Martii
1263 3519 1289 3533 ..
1314 3491 1422 3534 vener.
1447 3482 1480 3535 et
1502 3470 1617 3534 honor.
1642 3471 1700 3532 viri
1717 3471 1770 3533 dni
1789 3491 1869 3552 mgr.
1894 3472 1969 3534 Vin-

416 3575 544 3638 cencius
566 3575 652 3640 Coth
675 3596 748 3638 cum
771 3577 840 3639 aliis
864 3577 995 3657 prelatis
1019 3588 1052 3641 et
1076 3578 1239 3640 canonicis
1262 3597 1369 3640 vener.
1395 3579 1481 3641 viros
1506 3578 1588 3641 dnos
1613 3578 1782 3640 Nicolaum
1807 3578 1847 3641 de
1865 3577 1970 3641 Glam·

418 3683 555 3746 boczecz
578 3683 837 3747 archidiaconum
868 3685 964 3748 Pozn.
999 3695 1032 3749 et
1062 3685 1238 3748 Hectorem
1264 3687 1465 3768 prepositum
1501 3683 1767 3750 Gluschinensem
1797 3685 1838 3748 ad
1862 3686 1970 3748 Rdum

417 3803 542 3870 patrem
560 3791 656 3854 dnum
675 3791 869 3856 Stanislaum
886 3792 992 3874 Epum
1010 3792 1105 3855 Pozn.
1130 3793 1172 3854 ad
1197 3791 1428 3856 conferendum
1451 3813 1524 3855 curn
1541 3793 1656 3856 eodem
1681 3792 1721 3854 de
1744 3793 1896 3856 sinodo
1912 3813 1970 3874 per

416 3900 522 3980 ipsum
549 3897 744 3963 Stanislaum
768 3900 875 3981 Epum
900 3899 1093 3962 celebranda
1117 3901 1218 3962 ituros
1242 3899 1489 3981 deputaverunt.

634 4075 677 4139 Α.
709 4093 808 4156 1430,
833 4075 1029 4139 Novembris
1053 4077 1089 4152 6,
1114 4076 1322 4157 incapitu10.

525 4196 587 4265 32.
611 4201 644 4280 (I.
671 4200 740 4282 37⁰)
775 4201 836 4264 Die
860 4202 953 4264 Lune
976 4203 997 4264 6
1019 4221 1060 4264 m.
1086 4201 1281 4264 Novembris
1306 4201 1337 4264 in
1361 4221 1456 4264 causa
1481 4221 1587 4264 vener.
1617 4201 1699 4282 mgri
1724 4198 1971 4264 Strzeschkonis

417 4308 563 4370 canonici
600 4307 739 4372 Poznan.
778 4329 852 4370 cunt
891 4307 1053 4373 Stanislao
1091 4308 1259 4384 wlodario,
1295 4307 1442 4388 johanne
1480 4307 1717 4382 Richlowecz,¹
1736 4307 1859 4369 Mathia
1896 4305 1971 4370 Glo-

415 4415 570 4494 wyenlra,
596 4413 736 4478 Alberto
761 4415 865 4487 Zidel,
894 4415 1029 4484 Andrea
1054 4413 1244 4484 Ganschka,
1282 4415 1416 4477 Andrea
1448 4412 1650 4495 Owyeczka,
1686 4413 1875 4495 Stephano,
1912 4412 1971 4475 Al-

416 4523 510 4585 berto
526 4521 610 4596 Zak,
635 4521 772 4584 Nicolao
788 4523 924 4595 Zamba‚
950 4523 989 4585 N.
1008 4522 1212 4594 Borkowicz,
1238 4523 1378 4584 Alberto
1402 4521 1522 4606 Rutha,
1547 4521 1643 4586 Petro
1660 4520 1790 4592 Caczor,
1815 4519 1970 4584 Miroslao

417 4628 536 4702 Mirek,
560 4629 701 4692 Martino
725 4628 914 4710 Quasznicz
945 4630 1071 4692 rusticis
1096 4629 1136 4690 de
1160 4629 1265 4690 Nowa
1290 4628 1425 4706 Ceracz,
1457 4629 1566 4690 rustici
1590 4628 1703 4690 oblata
1734 4628 1893 4690 citacione
1917 4647 1970 4708 pe·

416 4735 539 4797 cierunt
562 4755 598 4798 se
622 4735 746 4798 absolvi
777 4757 797 4798 a
827 4737 999 4800 sentenciis
1031 4737 1423 4808 excommunicacionum,
1460 4735 1577 4816 quibus
1607 4735 1648 4796 ad
1677 4735 1869 4797 instanciam
1893 4735 1968 4796 dicti

417 4843 499 4924 mgri
523 4841 745 4905 Strzeszkonis
768 4845 882 4925 vigore
906 4863 1116 4924 processuum
1141 4843 1272 4924 capituli
1296 4841 1392 4905 Pozn.
1417 4852 1552 4923 propter
1576 4853 1704 4922 raptum
1729 4841 1853 4904 decime
1870 4843 1969 4904 mani·

416 4950 536 5031 polaris
560 4951 677 5011 ibidem
701 4961 776 5014 sunt
801 4951 900 5032 ligati.
942 4951 995 5011 Ex
1018 4951 1155 5012 adverso
1187 4969 1268 5030 mgr.
1294 4949 1465 5011 Strzeszko
1491 4949 1572 5012 dixit
1598 4969 1656 5010 eos
1680 4969 1746 5010 non
1770 4947 1972 5011 esse‘absol·

416 5057 541 5119 vendos
565 5077 705 5142 proco,
742 5060 815 5139 quia
839 5059 945 5138 ipsum
978 5057 1018 5118 de
1050 5057 1174 5118 decima
1210 5056 1399 5136 manipulari
1433 5055 1551 5117 ibidem
1585 5057 1616 5117 in
1648 5053 1767 5118 Ceracz
1799 5057 1830 5117 in
1863 5073 1970 5118 messe

417 5165 564 5244 proxime
588 5166 742 5245 preterita
766 5165 1000 5245 spoliaverunt;
1029 5174 1062 5227 et
1086 5175 1202 5244 postea
1227 5164 1336 5226 rustici
1360 5163 1545 5244 replicando
1570 5161 1709 5226 confessi
1733 5173 1807 5226 sunt
1831 5162 1971 5242 spolium

418 5272 475 5335 sed
500 5271 684 5336 detulerunt
715 5273 897 5335 iuramento
929 5273 1076 5334 canonici
1107 5291 1205 5352 super
1235 5271 1345 5333 valore
1370 5271 1509 5343 decime,
1544 5281 1577 5333 et
1602 5281 1720 5351 postea
1744 5269 1828 5349 layci
1852 5279 1970 5350 sponte

418 5401 460 5441 ex
483 5379 656 5442 concordia
691 5381 850 5443 amicabili
882 5400 940 5460 per
969 5389 1078 5458 partes
1109 5379 1196 5458 ipsas
1228 5389 1340 5440 mutuo
1370 5376 1454 5441 facta
1486 5377 1625 5440 confessi
1656 5387 1731 5440 sunt
1757 5375 1816 5438 VII
1840 5395 1965 5437 marcas

416 5497 548 5549 monete
579 5489 759 5550 communis
791 5507 850 5568 pro
876 5486 988 5549 eadem
1019 5485 1144 5550 decima
1167 5495 1275 5568 rapta,
1312 5505 1393 5566 quas
1417 5485 1545 5548 solvent
1570 5485 1609 5546 ad
1634 5483 1751 5547 festum
1777 5483 1966 5545 Natiuitatis

418 5592 537 5661 Christi
562 5594 621 5660 sub
646 5595 797 5660 censuris.
1726 5592 1728 5597 ’

2178 5380 2191 5402 ἰ

2179 5403 2199 5428 ς’)

2193 5432 2199 5439 -

2168 5589 2171 5596 ι

2170 5599 2194 5630 .“·.’

2179 5636 2192 5658 Ἣ
