4416 6366
910 600 1000 652 ANNI
1019 597 1096 654 1501.
1720 615 1780 682 175

1105 692 1143 698 0...-
1150 691 1347 698 ,ὑφ-ι...
1635 692 1782 699 ---—..--

224 811 295 892 sky,
330 811 485 874 Nicolaus
519 810 654 892 Susslry,
691 811 843 876 Clemens
878 813 918 874 de
952 811 1131 892 Pyotrkow
1164 813 1369 874 decretorum
1404 812 1521 874 doctor
1556 823 1589 876 et
1624 812 1779 876 Nicolaus

227 914 441 999 Othuschsky
465 919 610 982 canonici
635 921 772 982 ecclesie
797 920 1035 982 Poznaniensis.

437 1110 480 1174 A.
510 1128 608 1192 1501,
633 1113 701 1175 Iulii
731 1131 785 1193 19,
809 1115 841 1176 in
865 1113 1017 1194 capitulo

332 1248 420 1316 927.
444 1253 486 1333 (V
488 1252 509 1315 1.
536 1255 600 1334 41).
625 1253 706 1316 Item
725 1250 800 1340 [dni]
818 1254 1056 1335 deputaverunt
1069 1255 1151 1316 dnos
1167 1252 1335 1317 officialem
1348 1265 1381 1316 et
1394 1252 1472 1334 Slap
1484 1255 1525 1318 ad
1538 1255 1784 1320 conducendum

223 1377 275 1422 res
299 1359 434 1422 ecclesie
457 1362 488 1421 in
514 1362 692 1441 pretorium
727 1360 868 1423 Poznan.
894 1373 1029 1442 propter
1065 1361 1271 1424 securitatem
1304 1361 1335 1422 in
1359 1362 1529 1424 vacatione
1553 1362 1711 1425 moderna
1734 1383 1784 1424 co-

222 1486 302 1529 rone
326 1469 426 1548 regni,
452 1477 486 1530 et
509 1466 760 1549 deputacionem
784 1470 831 1532 eis
857 1467 1047 1531 solvendam
1072 1465 1318 1553 [decreveruntl.

440 1686 482 1750 A.
513 1701 612 1767 1501,
636 1685 840 1769 Septembris
864 1690 902 1770 6,
926 1689 956 1750 in
982 1686 1133 1769 capitulo.

332 1823 420 1894 928.
446 1828 513 1910 (VI.
539 1829 605 1912 43).
630 1829 712 1892 Item
737 1827 814 1914 [dni]
839 1830 1053 1894 decreverunt
1077 1831 1283 1904 unanimiter,
1319 1841 1354 1893 ut
1378 1829 1448 1893 laici
1473 1841 1506 1894 et
1530 1832 1680 1895 mulieres
1705 1845 1781 1913 post

224 1945 371 1998 montem
396 1937 526 2017 capituli
550 1937 711 1999 domicilia
734 1937 894 2000 habentes
918 1949 951 2000 et
976 1958 1089 2001 eorum
1114 1939 1255 2020 inquilini
1288 1938 1449 2001 seculares
1473 1939 1600 2002 subsint
1623 1949 1655 2002 et
1679 1940 1783 2002 subia-

224 2052 319 2105 ceant
343 2043 535 2105 iurisdicioni
558 2044 670 2125 oppidi
694 2043 964 2125 Chwalyschewo
989 2057 1022 2107 et
1039 2045 1224 2108 custodiant
1241 2064 1331 2106 more
1347 2045 1491 2108 eiusdem
1516 2047 1640 2128 oppidi;
1665 2045 1784 2108 familia

224 2159 333 2212 autem
357 2149 612 2231 presbiterorum
631 2151 751 2214 ibidem
776 2161 809 2214 et
837 2152 1026 2214 clericorum
1062 2151 1222 2215 duntaxat
1257 2154 1457 2233 procuratori
1492 2153 1624 2235 capituli
1656 2152 1786 2216 subdita

224 2257 266 2318 sit
290 2268 324 2319 et
347 2257 490 2320 obediat.

438 2468 482 2532 A.
512 2483 612 2550 1501,
635 2468 839 2552 Septembris
863 2488 901 2548 9,
926 2470 958 2532 in
982 2470 1135 2551 capitulo

332 2607 420 2676 929.
445 2611 512 2694 (VI.
537 2613 602 2692 43).
627 2612 709 2675 Item
734 2611 971 2693 deputaverunt
995 2611 1078 2676 dnos
1102 2614 1260 2675 decanum
1284 2623 1317 2675 et
1341 2611 1419 2694 Slap
1444 2613 1636 2676 canonicum
1653 2613 1695 2675 ad
1712 2633 1783 2693 pre-

221 2718 338 2779 torium
374 2716 513 2781 Poznan.
550 2739 610 2802 pro
646 2721 840 2800 recipiendis
876 2719 992 2792 inlula,
1028 2732 1200 2784 curvatura
1234 2731 1267 2783 et
1299 2718 1402 2782 anulis
1439 2720 1575 2784 ecclesie
1600 2721 1641 2782 de
1665 2721 1783 2782 scrinio

221 2821 366 2886 thezauri
401 2825 519 2888 ibidem
544 2827 695 2908 deposito
719 2828 760 2888 ad
785 2826 1014 2890 destinandum
1047 2829 1177 2890 easdem
1202 2847 1254 2890 res
1278 2827 1365 2888 Rmo
1388 2828 1454 2890 dno
1478 2837 1592 2890 nostro
1624 2828 1699 2908 Epo
1725 2847 1785 2908 pro

222 2933 517 2995 conventione
541 2933 876 3015 Pyotrkoviensi
901 2954 999 3016 super
1023 2935 1182 2998 electione
1207 2935 1302 2997 futuri
1326 2936 1412 3016 regis
1438 2935 1594 3000 instituta.

436 3152 480 3217 A.
512 3169 608 3234 1501,
632 3155 837 3237 Septembris
862 3173 917 3234 24,
943 3157 974 3219 in
998 3155 1150 3238 capitulo.

330 3289 417 3358 930.
452 3295 519 3378 (Vl.
544 3295 622 3379 430]Ι
657 3297 781 3360 ibidem
816 3319 924 3360 vener.
961 3298 1043 3360 dnus
1077 3299 1239 3362 Iohannes
1274 3297 1407 3380 Gorsky
1441 3298 1615 3360 canonicus
1639 3297 1779 3360 Poznan.

222 3399 401 3479 disponens
424 3422 459 3464 se
482 3401 522 3464 ad
547 3404 687 3466 studium
711 3426 824 3468 versus
848 3405 1037 3468 Italiam
1063 3407 1217 3468 remansit
1241 3417 1274 3469 et
1299 3405 1445 3486 reposuit
1477 3405 1576 3468 libros
1600 3405 1785 3486 infrascrip-

221 3517 274 3568 tos
299 3527 408 3569 coram
433 3509 504 3572 dnis
526 3509 689 3574 videlicet:
727 3512 792 3574 duo
815 3513 979 3575 volumina
1015 3513 1154 3594 partium
1191 3511 1336 3586 Thome,
1372 3514 1449 3574 item
1474 3512 1607 3574 consilia
1640 3510 1783 3586 Oleardi‚

222 3614 299 3676 item
324 3635 483 3678 summam
518 3617 665 3698 Baptiste
698 3619 738 3680 de
761 3617 849 3682 Saris
874 3618 994 3681 ordinis
1018 3619 1196 3690 Minorum,
1233 3619 1310 3682 item
1335 3640 1505 3682 sermones
1528 3619 1681 3692 Roberti,
1706 3620 1783 3682 item

222 3719 394 3784 Plitarcum
408 3722 443 3806 (s)
459 3723 499 3786 de
516 3723 604 3787 Viris
617 3725 806 3798 illustribuS,
831 3727 908 3789 item
926 3726 1123 3788 Richardum
1140 3725 1180 3788 de
1197 3727 1497 3808 contemplacione,
1522 3728 1600 3789 item
1617 3747 1784 3790 sermones

222 3827 360 3891 Roberti
384 3831 426 3891 ad
450 3851 588 3912 parvum
617 3831 750 3894 modum
775 3835 967 3915 impressos,
992 3854 1074 3915 quos
1099 3834 1181 3896 dnus
1205 3833 1403 3896 Dambrowa
1428 3834 1551 3915 recepit
1574 3833 1606 3896 in
1629 3844 1784 3907 mutuum,

219 3936 298 3997 item
323 3935 511 4001 Decretales
534 3959 607 4002 cum
631 3949 788 4021 apparatu
813 3941 890 4002 olim
914 3941 968 4002 dni
992 3939 1111 4003 Scudla
1134 3939 1176 4002 ad
1199 3959 1353 4022 magnum
1379 3941 1530 4014 modum,
1563 3961 1646 4022 quos
1669 3939 1782 4003 habuit

220 4042 306 4104 idem
331 4044 413 4108 dnus
436 4043 556 4110 Gorski
579 4046 619 4110 de
636 4047 772 4118 libraria,
790 4049 912 4128 recepit
941 4048 971 4108 in
996 4057 1141 4110 mutuum
1166 4047 1249 4110 dnus
1273 4046 1512 4129 Czyesyelsky;
1535 4047 1613 4110 item
1638 4047 1783 4128 predicta

221 4151 286 4212 duo
310 4151 473 4214 volumina
497 4156 635 4234 partium
659 4153 786 4216 Thome
811 4156 934 4233 recepit
957 4155 988 4215 in
1007 4163 1159 4217 mutuum
1182 4154 1265 4216 dnus
1288 4152 1522 4236 Grodzyczslry
1546 4154 1675 4231 doctor;
1700 4174 1783 4236 quos

220 4258 320 4320 libros
343 4278 420 4321 suos
444 4259 603 4323 duntaxat
626 4261 711 4323 idem
735 4261 817 4323 dnus
841 4261 1003 4323 Iohannes
1027 4259 1172 4340 Gorsky,
1209 4263 1234 4323 si
1259 4281 1332 4323 eum
1357 4263 1438 4323 mori
1470 4261 1643 4343 contigerit
1667 4262 1697 4322 in
1722 4261 1784 4324 illis

220 4364 375 4446 partibus
393 4367 513 4447 legavit
537 4368 688 4442 ecclesie,
713 4377 888 4448 postquam
912 4377 1020 4430 tamen
1045 4387 1144 4430 sanus
1177 4367 1306 4442 redibit,
1331 4387 1389 4430 eos
1412 4367 1589 4430 rehabebit.
1624 4367 1705 4431 Item
1730 4369 1784 4430 dni

218 4471 431 4535 decreverunt
465 4484 622 4538 statutum
647 4475 687 4536 de
712 4474 916 4537 studentibus
951 4475 1072 4537 editum
1107 4475 1175 4538 iore
1198 4474 1397 4537 solvendum
1421 4495 1440 4536 a
1465 4476 1616 4556 proximo
1646 4475 1781 4538 festos,

219 4579 349 4642 Martini
373 4600 432 4660 per
454 4600 575 4642 annum
600 4581 703 4644 eidem
729 4581 794 4643 dno
819 4579 960 4662 Gorsky,
984 4583 1016 4643 in
1041 4592 1197 4664 quantum
1222 4581 1263 4644 de
1281 4581 1451 4662 diligencia
1468 4601 1526 4645 sua
1541 4582 1625 4644 circa
1641 4584 1783 4645 studium

218 4685 369 4748 habenda
393 4687 539 4749 docuerit
562 4707 620 4768 per
641 4688 764 4752 litteras
788 4689 1026 4752 Universitatis.

326 4825 414 4909 931.
449 4829 518 4912 (VI.
553 4831 620 4910 44).
667 4829 749 4894 Item
786 4829 862 4916 [dni]
901 4832 1059 4894 dederunt
1092 4831 1294 4912 presenciam
1336 4829 1510 4893 venerabili
1545 4829 1611 4890 dno
1643 4827 1780 4890 Nicolao

221 4932 436 5018 Otbuschslry
459 4939 616 4999 canonico
637 4939 848 5014 franczusam
872 4939 1024 5019 patienti,
1057 4937 1162 5000 donec
1186 4937 1385 5001 convaluerit
1409 4947 1442 5000 et
1467 4935 1619 5018 quamdiu
1641 4955 1777 5016 presens

229 5045 290 5105 erit
313 5044 396 5105 circa
419 5045 599 5107 ecclesiam.

436 5253 480 5318 A.
512 5269 609 5336 1501,
634 5255 830 5320 Novembris
860 5271 913 5337 15,
938 5257 968 5318 in
992 5256 1135 5350 capitulo
1159 5255 1310 5339 generali.

331 5394 416 5463 932.
441 5398 509 5476 (Vi.
533 5397 614 5478 47⁰).
639 5398 720 5461 item
746 5399 958 5462 decreverunt
982 5399 1105 5462 litteras
1130 5397 1346 5460 credenciales
1369 5417 1478 5460 vener.
1500 5396 1571 5460 dnis
1587 5394 1780 5478 Krzyczslry

219 5506 398 5586 preposit0,
423 5505 557 5568 Andree
581 5506 622 5568 de
645 5507 786 5587 Lubyen
803 5505 1030 5570 archidiacono
1047 5504 1246 5580 Srzemcnsi,
1270 5504 1413 5566 Alberto
1430 5502 1563 5585 Gorslry
1580 5503 1780 5576 cancellario,

218 5611 355 5676 Iohanni
390 5612 574 5688 Lathalslri,
613 5613 749 5676 Iohanni
780 5613 920 5700 Lassky,
955 5613 1078 5675 Mathie
1111 5611 1345 5694 Grodzyczsiry
1376 5621 1409 5675 et
1440 5611 1575 5674 Iohanni
1607 5607 1780 5694 Conarslry
