4390 6368
804 569 986 620 auuonuu
1008 565 1200 622 rara-1517.
1725 583 1788 648 207

230 781 363 844 Polonie
387 795 439 844 etc
486 785 688 862 presentavit
724 793 756 846 et
781 784 899 844 obtulit
936 783 1068 856 litteras,
1104 803 1183 844 unas
1206 785 1236 844 in
1263 784 1376 863 papiro
1401 781 1527 844 clausas
1552 792 1584 844 et
1609 782 1730 844 alteras
1757 783 1789 842 in

227 909 427 970 pargameno
452 901 590 969 apertas,
615 891 675 952 sub
701 889 796 952 titulo
821 902 854 951 et
878 889 984 970 sigillo
1019 909 1167 969 appenso
1195 911 1252 952 sue
1277 890 1352 951 Mtis
1377 889 1417 950 de
1441 889 1536 951 data:
1562 889 1673 968 Vylne
1703 889 1732 950 d.
1756 909 1781 950 s.

226 995 377 1057 Iohannis
402 997 495 1076 Bapt.
522 995 564 1058 A.
591 995 630 1056 D.
662 998 761 1076 1516,
786 997 988 1078 privilegium
1012 1017 1030 1057 a
1055 995 1140 1058 Sede
1157 995 1278 1077 Apost.
1296 1016 1355 1076 pro
1373 996 1517 1058 ecclesiis
1534 995 1792 1076 metropolitana

224 1113 257 1164 et
281 1102 520 1164 cathedralibus
545 1105 576 1164 in
601 1103 722 1184 Regno
759 1103 893 1165 Polonie
918 1103 958 1164 de
983 1124 1049 1166 non
1084 1103 1276 1183 recipiendis
1305 1103 1345 1164 ad
1370 1105 1458 1184 ipsas
1482 1103 1637 1165 ecclesias
1666 1101 1793 1183 plebeis

223 1210 372 1289 personis
396 1209 507 1272 datum
532 1221 564 1272 et
588 1229 782 1272 concessum
808 1212 838 1271 in
863 1231 898 1272 se
923 1213 1129 1274 continentes
1152 1231 1190 1272 ac
1215 1231 1403 1290 processum
1435 1211 1619 1290 desuper..
1652 1207 1790 1289 Quibus·

224 1315 353 1396 quidem
379 1316 492 1378 litteris
517 1317 554 1378 R.
582 1317 659 1378 Mtis
684 1327 716 1380 ct
741 1337 915 1398 processus
940 1319 1001 1398 ipsi
1025 1316 1079 1379 dni
1104 1337 1175 1378 cum
1202 1338 1257 1388 ea,
1283 1337 1347 1398 qua
1371 1317 1493 1390 decuit,
1519 1318 1700 1378 reverentia
1726 1337 1790 1380 sus·

224 1425 327 1502 ceptis
353 1470 380 1485 ..
405 1423 535 1486 easdem
561 1436 653 1504 grate
678 1435 711 1486 et
734 1435 919 1486 reverenter
943 1434 1195 1506 acceptaverunt
1219 1435 1252 1486 et
1277 1423 1432 1504 publicari
1458 1473 1484 1485 ..
1509 1423 1788 1486 mandaverunt..

438 1636 481 1698 A.
512 1637 609 1716 1516,
635 1635 831 1698 Novembris
858 1636 914 1706 28,
940 1638 968 1698 in
995 1637 1137 1717 capitulo
1162 1637 1313 1716 generali.

339 1775 448 1842 1000.
473 1777 572 1861 (VIII.
596 1777 673 1858 44⁰).
710 1777 834 1840 Ibidem
860 1777 974 1858 prelati
999 1779 1052 1840 dni
1077 1778 1305 1849 decreverunt,
1342 1787 1377 1838 ut
1401 1776 1531 1838 labores
1567 1775 1781 1839 lrmethonum

225 1886 254 1946 in
278 1886 361 1947 villis
385 1885 696 1966 prestimonialibus,
723 1905 806 1966 quos
830 1885 1017 1948 discreti0ni
1043 1885 1179 1946 duorum
1205 1885 1387 1965 regentium
1412 1884 1659 1956 commiserunt,
1696 1887 1786 1945 iuxta

225 1991 410 2054 facultatem
435 1993 578 2072 ipsorum
604 1991 817 2055 kmethonum
843 1992 920 2054 liant
944 1993 1071 2072 absque
1092 1993 1280 2074 gravamine
1296 1991 1404 2071 aliquo
1422 1991 1618 2064 eorundem,
1643 1993 1687 2052 ita
1704 1991 1791 2052 vide-

225 2099 314 2172 licet,
339 2110 374 2161 ut
400 2111 568 2179 respectus
592 2099 632 2160 ad
657 2099 818 2160 delectum
843 2100 1065 2180 velinopiam
1089 2099 1257 2160 hominum
1281 2117 1411 2179 semper
1434 2097 1605 2158 habeatur.

439 2291 481 2354 A.
509 2295 607 2372 1516,
633 2293 824 2354 Decembris
850 2309 910 2370 29,
936 2292 966 2354 in
991 2293 1144 2374 capitulo,

340 2431 448 2498 1001.
475 2435 572 2516 (VIII.
597 2435 706 2517 46⁰)..
731 2437 794 2498 Dni
820 2437 1035 2499 decreverunt
1058 2446 1090 2498 et
1116 2435 1238 2496 litteras
1262 2435 1349 2496 Rmo
1374 2435 1439 2496 dno
1466 2433 1538 2515 Epo
1563 2433 1700 2494 Poznan.
1717 2433 1791 2494 scri-

227 2543 350 2602 bendas
373 2542 623 2614 mandaverunt,
648 2553 683 2604 ut
707 2563 803 2605 cansa
828 2544 1001 2606 occasione
1026 2543 1223 2604 decimarum
1248 2544 1279 2603 in
1304 2553 1337 2604 et
1363 2543 1446 2604 circa
1470 2541 1706 2623 Czyechomyn
1731 2541 1791 2602 dis·

225 2659 374 2710 cernatur
398 2669 455 2727 per
479 2649 617 2711 arbitros
640 2651 673 2710 in
697 2651 815 2712 sinodo
840 2651 1042 2731 provinciali,
1068 2661 1101 2712 et
1125 2651 1213 2732 quod
1238 2652 1409 2723 terminus,
1436 2651 1539 2732 quiin
1559 2649 1674 2711 eadem
1693 2668 1790 2709 causa

226 2759 328 2837 prIma
353 2756 404 2818 die
430 2757 561 2818 iuridica
586 2769 661 2838 post
686 2768 819 2820 octavas
855 2757 1108 2838 Epiphaniarum
1141 2757 1205 2818 Dni
1229 2757 1380 2828 obvenit,
1415 2757 1456 2818 ad
1481 2757 1674 2820 tricesimam
1700 2755 1784 2816 diem

226 2863 390 2924 iuridicam
414 2885 432 2924 a
457 2862 508 2925 die
533 2884 592 2944 pro
617 2865 734 2926 sinodo
758 2865 955 2926 instituenda
980 2865 1135 2944 deputata
1159 2865 1278 2926 ibidem
1304 2875 1536 2945 prorogaretur
1559 2873 1592 2925 et
1616 2863 1785 2924 continua-

226 2981 313 3033 retur
336 2969 376 3032 ad
401 2971 487 3032 idem
513 2970 693 3033 faciendum
717 2973 758 3032 de
782 2993 943 3034 consensu
968 2975 1117 3055 partium.

439 3163 481 3227 A.
512 3177 610 3242 1517,
634 3163 772 3228 Ianuarii
798 3167 856 3238 26,
882 3168 913 3228 in
938 3166 1090 3247 capitulo

344 3301 452 3370 1002,
478 3305 581 3388 (VIII.
605 3308 661 3386 47)
686 3355 713 3368 ..
737 3307 858 3370 Vener.
883 3309 937 3370 dni
962 3358 986 3370 ..
1012 3308 1252 3388 deputaverunt
1284 3329 1392 3370 vener.
1428 3307 1526 3369 dnum
1559 3306 1718 3367 decanum
1742 3303 1784 3366 ad

226 3415 559 3474 conventionem
585 3414 623 3474 in
648 3413 956 3494 Pyotrlroviam
981 3415 1175 3477 mittendum
1200 3417 1229 3476 in
1255 3417 1399 3496 ipsorum
1425 3415 1564 3495 negotiis
1580 3411 1730 3474 videlicet
1755 3413 1786 3470 in

224 3540 321 3580 causa
346 3521 469 3581 decime
493 3523 523 3580 in
549 3519 779 3602 Czyechomyn
805 3533 837 3584 et
863 3521 934 3584 ville
960 3521 1177 3602 Urnyszeivo,
1202 3525 1251 3584 cui
1277 3524 1471 3602 presentiam
1496 3520 1662 3593 dederunt,
1686 3520 1780 3580 ratio·

226 3647 366 3708 nemque
388 3648 616 3707 expensarum,
641 3639 817 3709 postquam
843 3631 972 3692 redierit
996 3629 1143 3705 feliciter,
1167 3629 1313 3692 habituri.

440 3821 482 3883 A.
514 3835 604 3901 1517,
629 3823 706 3884 Maii
735 3841 788 3902 11,
814 3823 844 3884 in
870 3823 1023 3904 capitulo.

339 3959 450 4027 1003.
486 3963 590 4045 (VIII.
617 3963 723 4046 51⁰)..
759 3965 880 4028 Vener.
916 3965 969 4027 dni
1004 3965 1183 4028 Anzelmus
1218 3967 1259 4028 de
1294 3965 1442 4028 Lukowo
1474 3976 1596 4037 cantor,
1621 3961 1785 4024 Iohannes

226 4069 443 4151 Slawyenslry
467 4071 710 4135 archidiaconus
741 4072 956 4146 Pczewensis,
992 4071 1143 4135 Andreas
1177 4073 1404 4154 Czyesyelslry
1430 4071 1654 4142 cancellarius,
1692 4069 1777 4150 Sigis

226 4177 365 4239 mundus
389 4179 429 4238 de
447 4177 686 4260 Camyenyecz,
713 4179 864 4240 Nicolaus
884 4175 1018 4260 Olesky,
1043 4180 1201 4243 Albertns
1218 4180 1464 4259 Pakoslawsley,
1487 4179 1633 4241 Thomas
1650 4176 1783 4240 Goczal-

225 4285 374 4364 koivsky,
411 4285 562 4348 Andreas
598 4287 843 4367 Naramoivslry,
880 4285 994 4348 Petrus
1031 4285 1231 4368 Gunyczsky
1267 4299 1299 4350 et
1335 4287 1553 4368 Sandivogius
1590 4283 1782 4365 Noyewsky

225 4391 341 4471 prelati
365 4403 398 4454 11
422 4393 569 4453 canonici
593 4394 727 4455 ecclesie
753 4394 879 4456 Poznan
916 4394 1135 4474 capitulariter
1159 4395 1392 4476 congregati..
1417 4394 1654 4474 deputaverunt
1675 4409 1782 4453 vener.

226 4498 311 4561 dnos
335 4497 515 4560 Iohannem
540 4501 580 4561 de
598 4499 685 4562 Gora
703 4501 858 4563 decanum
877 4503 1096 4584 vicariumque
1113 4504 1142 4562 in
1161 4501 1385 4582 Spiritualibus
1402 4513 1435 4564 et
1452 4500 1623 4563 officialem
1640 4497 1782 4580 general.

226 4615 259 4666 et
283 4604 463 4668 Iohannem
488 4605 714 4687 Charbowslry
740 4608 945 4672 decretorum
970 4609 1139 4672 doctorem
1165 4609 1357 4670 canonicum
1388 4609 1527 4670 Poznan.
1553 4614 1723 4687 presentes
1749 4613 1782 4666 et

226 4723 437 4792 acceptantes
453 4715 484 4774 111
501 4735 578 4776 suos
595 4717 912 4796 procuratores..ad
936 4718 1134 4779 sinodum
1160 4715 1473 4796 provincialem
1499 4715 1530 4775 in
1557 4712 1784 4794 Pyotrlrow

227 4820 268 4881 ad
292 4819 409 4882 festum
434 4818 647 4883 Ascensionis
672 4821 735 4882 Dni
760 4843 818 4902 per
842 4823 962 4885 Rmum
989 4823 1087 4886 dnum
1112 4823 1292 4886 Iohannem
1327 4821 1513 4903 archiepum
1550 4819 1671 4882 Gnezn.
1698 4821 1785 4881 insti-

226 4937 329 4989 tutam
365 4928 480 4999 ituros,
518 4927 633 5009 quibus
667 4939 867 5009 potestatem
891 4930 923 4991 in
948 4931 1051 4994 lorma
1075 4931 1170 4994 solita
1195 4931 1318 4993 meliori
1342 4937 1576 4992 concesserunt
1602 4939 1635 4989 et
1660 4927 1784 4990 litteras

226 5032 351 5096 dandas
373 5033 596 5098 decreverunt.

325 5249 327 5254 ¹
440 5227 482 5290 A.
511 5243 602 5309 1517,
626 5227 708 5291 Iunii
735 5245 788 5308 30,
814 5231 844 5292 in
869 5231 1011 5313 capitulo
1036 5231 1187 5314 generali.

339 5366 448 5435 1064.
472 5369 579 5452 (VIII.
606 5375 669 5451 53).
695 5371 821 5434 Ibidem
847 5373 961 5454 prefati
985 5375 1081 5437 dni..
1107 5377 1345 5438 constituerunt
1368 5395 1476 5439 vener.
1494 5375 1576 5438 dnos
1600 5371 1781 5438 Iohannem

226 5473 445 5558 Slawyensky
467 5478 728 5540 archidiaconum
753 5490 785 5542 et
809 5479 989 5543 Iohannem
1013 5481 1240 5564 Charboivslry
1264 5483 1469 5546 decretorum
1494 5483 1663 5546 doctorem
1688 5503 1780 5544 cano·

227 5585 318 5648 nicos
343 5583 620 5649 Poznanienses..
645 5587 685 5648 ad
718 5586 897 5649 faciendum
933 5589 1051 5652 limites
1075 5590 1107 5652 in
1131 5589 1248 5652 ducatu
1284 5591 1431 5652 Mazovie
1467 5592 1549 5655 inter
1583 5601 1672 5654 certa
1695 5589 1783 5652 bona
