4458 6356
565 1862 589 1959 l.
646 1859 787 1960 ncta
828 1859 1073 1960 CAPITULI
1110 1857 1499 1958 POZNANlENSlS.

466 2190 510 2254 A.
541 2193 632 2270 1428,
657 2190 854 2278 Novembris
879 2190 901 2272 i,
926 2192 958 2253 in
982 2189 1125 2272 capitulo
1138 2189 1174 2272 1).

364 2329 396 2397 1.
410 2332 445 2412 (Ι.
464 2332 502 2412 1).
516 2331 567 2394 De
583 2331 881 2395 contribucione--
891 2329 998 2417 [Item]
1008 2383 1015 2395 .
1081 2331 1250 2394 Florianus
1263 2341 1296 2396 et
1308 2330 1448 2395 Mathias
1464 2332 1505 2394 de
1520 2328 1811 2414 Tarnowa'prelati

255 2449 288 2504 et
311 2441 456 2502 canonici
481 2441 522 2502 ad
546 2459 661 2502 sonum
686 2460 844 2521 campane
867 2439 1084 2521 capitulariter
1099 2439 1290 2521 congregati
1313 2459 1419 2502 vener.
1436 2440 1523 2502 viros
1539 2439 1623 2502 dnos
1639 2439 1809 2502 Nicolaum

255 2546 475 2620 scolasticum,
500 2545 669 2609 Nicolaum
693 2546 876 2610 Lanthman
903 2547 1094 2610 canonicum
1125 2545 1361 2610 Poznanienses
1385 2566 1445 2628 pro
1469 2546 1698 2610 collectoribus
1722 2567 1810 2610 con·

255 2654 518 2717 tribucionis
542 2654 748 2734 pecuniarum
772 2675 830 2735 per
853 2653 961 2716 Rdum
985 2664 1112 2736 patrem
1137 2653 1235 2716 dnum
1259 2652 1454 2717 Stanislaum
1478 2654 1556 2736 dg.
1582 2655 1689 2737 Epum
1713 2655 1809 2717 Pozn.

255 2781 383 2824 necnon
406 2760 550 2841 prelatos
573 2771 606 2823 et
629 2761 805 2823 canonicos
836 2781 874 2822 ac
906 2760 1026 2824 clerum
1050 2781 1107 2824 sue
1137 2761 1275 2825 diocesis
1306 2761 1413 2824 dande
1440 2771 1473 2825 et
1496 2761 1730 2825 contribuende
1760 2762 1812 2824 de·

255 2877 417 2950 putarunt.
534 2849 536 2856 ¹

363 2971 396 3039 2.
423 2973 581 3056 (Ibidem).
611 2972 767 3037 Czelancz
794 2974 984 3056 plebani-
1007 2975 1089 3039 Item
1121 2972 1240 3038 ibidem
1271 2975 1347 3038 dicti
1378 2975 1432 3037 dni
1463 2975 1578 3058 prelati
1609 2985 1642 3040 et
1665 2975 1811 3038 canonici

255 3083 396 3145 discreto
419 3083 484 3144 dno
508 3081 650 3144 Rosslao
674 3081 713 3143 de
738 3081 894 3145 Czelancz
917 3082 1058 3164 plebano
1083 3085 1253 3146 terminum
1285 3081 1325 3144 ad
1349 3082 1598 3164 expurgandum
1622 3103 1657 3146 se
1681 3082 1721 3145 de
1751 3081 1812 3145 he-

255 3189 340 3252 resi
374 3189 415 3251 ad
449 3187 558 3251 leriam
596 3189 701 3250 2-dam
733 3200 809 3270 post
841 3189 1046 3253 Conductum
1078 3189 1178 3253 Pasce
1209 3191 1239 3251 in
1264 3189 1400 3252 ecclesia
1423 3190 1517 3252 Pozn.
1542 3189 1603 3253 sub
1627 3191 1812 3272 privacione

255 3296 391 3359 ecclesie
412 3316 469 3358 sue
493 3305 527 3359 et
550 3315 714 3358 carcerum
737 3299 831 3377 penis
855 3309 1124 3379 prorogaverunt.

468 3489 512 3552 A.
542 3492 634 3570 1428,
658 3489 849 3553 Decembris
877 3493 923 3564 18,
947 3491 979 3552 in
1003 3491 1156 3572 capitulo.

364 3627 398 3696 3.
423 3631 460 3715 (Ι.
485 3631 527 3712 7).
552 3631 613 3693 Die
636 3630 766 3694 Saturni
790 3631 979 3714 vicesimal)
1004 3653 1045 3694 m.
1069 3632 1258 3695 Decembris
1275 3634 1305 3695 in
1328 3633 1423 3696 stuba
1440 3633 1597 3714 superiori
1613 3633 1730 3698 domus
1745 3633 1810 3698 Rdi

256 3739 356 3820 patris
379 3739 434 3802 dni
457 3736 608 3801 Stanislai
632 3737 694 3819 Epi
718 3739 814 3801 Pozn.
849 3739 928 3802 hora
960 3742 1130 3803 terciarum
1161 3740 1363 3803 venerabiles
1387 3750 1420 3804 et
1443 3739 1651 3804 honorabiles
1674 3743 1731 3804 viri
1756 3742 1810 3804 dni

256 3845 410 3908 Nicolaus
433 3846 678 3907 archidiaconus
702 3843 832 3920 Gnezn,
857 3846 1012 3910 Nicolaus
1036 3848 1076 3910 de
1101 3846 1212 3912 Gorlra
1236 3848 1453 3922 cancellarius,
1473 3847 1639 3929 Janussius
1656 3849 1696 3911 de
1712 3847 1809 3912 Scho-

257 3952 351 4025 loivo,
376 3973 458 4034 mgr.
482 3950 663 4026 Strzeszko,
687 3952 804 4015 Paulus
825 3953 866 4016 de
883 3953 1074 4028 Czechowo,
1090 3955 1232 4035 Jacobus
1255 3954 1499 4018 archidiaconus
1522 3955 1730 4030 Pczewensis,
1753 3956 1813 4017 Bo·

255 4059 386 4142 guslaus
403 4058 546 4122 officialis
563 4059 852 4132 Warschoviensis,
876 4060 993 4124 Paulus
1010 4063 1050 4124 de
1067 4061 1249 4124 Czechowo
1262 4062 1305 4144 (s),
1324 4061 1448 4125 Hector
1465 4064 1649 4144 prepositus
1667 4060 1812 4125 Gluschi·

255 4168 373 4241 nensis,
398 4165 538 4230 Mathias
562 4165 739 4250 Cordebog
770 4167 922 4240 officialis,
957 4169 1111 4232 Nicolaus
1143 4170 1342 4244 scolasticus,
1375 4189 1458 4252 mgr.
1489 4169 1685 4233 Vincencius
1717 4168 1812 4244 Coth,

255 4273 368 4336 Petrus
392 4273 568 4354 Nowyecz,
592 4271 718 4355 Slupko
743 4275 898 4338 Bronissii
922 4285 955 4339 et
978 4275 1118 4340 Mathias
1143 4278 1183 4340 de
1207 4277 1372 4339 Tarnowo
1404 4276 1519 4356 prelati
1544 4286 1576 4338 et
1602 4276 1748 4338 canonici
1771 4275 1813 4338 ad

256 4401 371 4443 sonum
394 4401 552 4462 campane
576 4381 795 4462 capitulariter
810 4383 1002 4464 congregati
1018 4393 1264 4467 consenserunt,
1289 4383 1378 4464 quod
1395 4382 1495 4444 nobili
1506 4381 1630 4462 Jacobo
1647 4381 1814 4462 Pyleczski

255 4487 287 4550 in
310 4489 418 4569 aliqua
440 4488 516 4551 villa
540 4489 717 4570 episcopali
749 4489 831 4552 ultra
862 4489 991 4552 fluvium
1023 4489 1149 4572 Wysla,
1185 4511 1249 4572 que
1280 4499 1367 4552 esset
1395 4510 1480 4552 nove
1505 4490 1727 4570 plantacionis,
1755 4509 1815 4570 per

256 4594 376 4658 dictum
401 4594 521 4658 Rmum
546 4605 672 4676 patrem
697 4595 794 4657 dnum
819 4594 1016 4659 Stanislaum
1040 4597 1147 4679 Epum
1179 4597 1334 4660 scoltecia
1365 4617 1437 4658 cum
1469 4597 1572 4660 tribus
1599 4597 1651 4659 vel
1676 4607 1815 4678 quatuor

255 4703 376 4765 mansis
400 4721 552 4784 agrorum
576 4703 767 4784 assignetur,
791 4703 843 4765 vel
867 4704 983 4766 saltem
1007 4704 1078 4785 ipse
1101 4704 1184 4768 dnus
1208 4704 1300 4786 Epus
1324 4703 1364 4766 de
1388 4703 1521 4766 decimis
1545 4723 1657 4766 mense
1680 4723 1737 4766 sue
1753 4703 1816 4783 epi·

255 4809 396 4890 scopalis
419 4809 525 4891 ipsum
549 4809 645 4874 faciat
668 4820 871 4874 contentum.

468 5001 511 5066 A.
543 5021 633 5082 1429,
658 5003 727 5066 lulii
756 5022 780 5078 1,
807 5004 838 5066 in
862 5004 1005 5085 capitulo
1029 5006 1182 5088 generali.

361 5139 398 5209 4.
424 5144 459 5228 (I.
490 5145 566 5226 14⁰).
593 5145 654 5208 Die
670 5145 808 5209 Veneris
825 5147 985 5227 primam.
1002 5146 1122 5210 Iulii...
1148 5147 1203 5209 dni
1220 5146 1378 5210 Albertus
1390 5146 1654 5228 Jastrzambyecz
1671 5146 1815 5228 preposi-

256 5253 318 5326 tus,
342 5269 425 5333 mgr.
449 5251 646 5315 Vincencius
677 5252 764 5316 Coth
794 5254 931 5316 vicarius
963 5255 995 5316 in
1019 5255 1237 5336 spiritualibus
1271 5255 1411 5318 Poznan.
1450 5253 1618 5337 generalis,
1653 5253 1817 5317 Iohannes

367 5463 386 5530 ¹)
404 5463 533 5528 Poczqthu
551 5463 680 5530 pierwszej
699 5463 780 5530 lrsiegi
798 5463 870 5518 brak.
889 5465 1032 5532 Najblilsze
1050 5466 1186 5516 datowane
1204 5465 1364 5532 posiedzenie
1378 5465 1492 5532 kapituly
1503 5467 1552 5530 jest
1566 5482 1579 5514 z
1592 5466 1617 5518 d.
1636 5463 1665 5516 rb
1678 5464 1815 5531 listopada.

363 5549 543 5620 ¹)Oczywista
561 5553 695 5619 pomylka;
723 5553 748 5603 d.
770 5566 804 5602 20
823 5553 939 5604 Grudnia
958 5573 981 5606 w
999 5573 1018 5608 r.
1043 5553 1109 5617 1428
1128 5555 1266 5621 przypadal
1284 5571 1317 5604 na
1335 5555 1524 5622 pouiedzialek;
1554 5553 1710 5621 podobuych
1733 5553 1818 5621 mylek

251 5658 276 5690 w
294 5639 416 5706 hsiegach
433 5641 599 5708 kapitulnych
618 5641 792 5692 Poznanslrich
810 5643 905 5694 barduo
924 5645 1004 5695 wiele.
1029 5645 1185 5710 Prostujemy
1203 5646 1228 5709 je
1247 5643 1394 5710 caestokrod
1413 5644 1541 5709 milezaco

361 5735 459 5779 Menum.
473 5735 538 5778 medii
551 5739 600 5779 aevi
615 5735 665 5779 hist.
681 5735 743 5778 XIII.
1644 5713 1658 5764 1
