4390 6368
947 567 1043 618 Acts
1061 567 1224 620 casatum
1242 565 1497 622 Pozxaxtsvsts

1535 663 1638 669 ..--.—
1648 661 1988 672 ——-—---—.——-.—-

650 778 693 842 Α.
723 793 820 860 1522,
845 781 950 844 Martii
980 799 1033 856 to,
1058 783 1089 844 in
1112 784 1266 864 capitulo

546 917 655 986 1118,
679 919 785 1001 (Vlll.
817 939 898 1002 154).
934 921 1058 986 Ibidem
1093 928 1362 1006 supervenientes
1386 927 1417 988 in
1442 927 1582 990 medium
1616 927 1814 1009 prefatorum
1850 927 1986 989 dnorum

432 1029 583 1108 generosi
621 1029 673 1090 dni
707 1029 859 1092 Andreas
891 1029 1100 1112 lanlrowslry,
1138 1033 1293 1104 llichael,
1328 1033 1493 1097 Iohannes
1517 1045 1550 1096 et
1574 1035 1714 1097 blathias
1745 1035 1986 1116 Byaloslyvslry

434 1133 670 1197 lacrimabiliter
696 1137 726 1198 in
751 1138 881 1218 querela
905 1159 964 1218 per
988 1139 1092 1220 ipsum
1116 1139 1214 1202 dnum
1232 1141 1429 1224 lankowslry
1445 1153 1684 1224 exposuerunt,
1708 1145 1874 1225 quomodo
1890 1154 1986 1204 nocte

432 1261 523 1320 prox.
548 1245 700 1322 preterita
724 1243 802 1306 hora
828 1255 921 1306 sexta
945 1245 1062 1307 familia
1085 1247 1139 1308 dni
1163 1247 1318 1310 Iohannis
1343 1247 1515 1330 Lanczslry
1543 1251 1688 1313 canonici
1714 1249 1851 1312 Poznan.
1875 1271 1986 1331 super-

433 1349 567 1410 veniens
591 1369 663 1412 cum
688 1353 784 1412 certis
808 1352 1021 1432 complicibus
1045 1354 1085 1414 ad
1109 1354 1284 1436 hospitium
1309 1357 1423 1438 prefati
1447 1357 1502 1420 dni
1524 1357 1648 1421 lllathie
1669 1357 1922 1438 Byaloslywslry
1944 1357 1986 1418 ad

431 1453 562 1518 domum
586 1455 777 1538 Sirrobyrelr
803 1459 831 1520 in
857 1461 981 1540 oppido
1006 1459 1196 1534 Valiszevo,
1233 1463 1286 1524 ubi
1310 1466 1379 1544 ipse
1404 1465 1488 1528 dnus
1519 1465 1659 1528 lllathias
1690 1485 1764 1526 cum
1788 1486 1846 1528 sua
1869 1463 1985 1526 familia

431 1571 463 1624 et
488 1561 619 1624 fratrum
644 1585 773 1627 suorum
798 1577 952 1647 tanquam
978 1569 1008 1629 in
1033 1567 1175 1650 hospitio
1199 1571 1397 1643 residebant,
1434 1572 1541 1634 fractis
1564 1573 1678 1635 hostiis
1702 1572 1818 1636 domus
1842 1571 1985 1633 eiusdem

431 1667 560 1750 hospitii
585 1671 742 1734 irruerunt
766 1673 925 1736 violenter
948 1674 979 1736 in
1004 1675 1107 1755 ipsum
1146 1676 1244 1738 dnum
1277 1677 1433 1740 hlathiam
1463 1691 1495 1742 et
1519 1679 1638 1743 dictam
1674 1677 1824 1740 familiam
1849 1689 1882 1740 et
1904 1679 1985 1739 occi-

430 1773 545 1838 derunt
581 1776 701 1840 bonum
738 1777 902 1842 hominem
939 1781 1081 1844 nobilem
1119 1781 1315 1846 Ieronimum
1352 1786 1561 1868 Nyenynsky
1597 1785 1783 1848 familiarem
1806 1787 1906 1866 ipsius
1929 1783 1984 1845 dni

430 1881 567 1946 Michael
594 1883 847 1968 llyaloslywslry
870 1899 903 1950 et
927 1887 1007 1951 alios
1031 1889 1205 1954 vulneribus
1229 1891 1406 1955 affecerunt
1423 1905 1456 1956 et
1474 1903 1664 1974 perpetrato
1680 1893 1854 1956 malefacto
1869 1892 1911 1954 ad
1926 1889 1984 1954 do·

429 2009 515 2052 urum
541 1991 640 2072 ipsius
666 1991 835 2074 lanczslry
859 1995 943 2057 circa
966 1997 1136 2060 ecclesiam
1171 2001 1266 2062 sitam
1290 1999 1441 2082 fugerunt
1465 2011 1498 2064 et
1521 2001 1583 2062 illic
1607 2001 1831 2082 usquemodo
1855 2020 1982 2062 servan·

428 2105 494 2168 tur,
519 2095 711 2174 adicientes,
735 2101 822 2182 quod
847 2103 944 2164 ctiam
968 2105 1038 2186 ipsc
1062 2105 1143 2168 dnus
1167 2107 1339 2189 Lanczsky
1362 2128 1436 2170 cum
1459 2108 1542 2170 dicta
1567 2107 1685 2170 familia
1708 2127 1766 2170 sua
1790 2106 1887 2170 fuisse
1909 2127 1983 2187 pro·

428 2213 504 2266 tunc
529 2205 615 2268 visus
638 2217 700 2280 est,
725 2219 879 2288 rogantes
904 2211 992 2290 ipsos
1015 2211 1114 2284 dnos,
1140 2225 1173 2278 ut
1197 2235 1295 2295 super
1319 2226 1386 2278 tam
1404 2215 1578 2297 nephando
1596 2235 1695 2296 opere
1714 2226 1747 2278 et
1763 2233 1881 2296 magna
1896 2215 1982 2294 ipso-

429 2329 496 2372 rum
533 2309 664 2376 levitate
696 2317 839 2396 compati
879 2317 1096 2400 dignarentur.
1138 2321 1178 2384 Et
1214 2321 1333 2384 ibidem
1369 2324 1438 2404 ipse
1473 2322 1555 2384 dnus
1594 2321 1767 2403 Lanczsky
1805 2322 1981 2383 canonicus

427 2416 571 2498 prefatus
606 2423 735 2500 negavit
760 2443 795 2486 se
819 2443 892 2486 cum
916 2426 1001 2488 dieta
1035 2427 1152 2490 familia
1187 2449 1243 2492 sua
1269 2429 1363 2494 fuisse
1388 2440 1422 2492 et
1445 2450 1550 2511 neque
1588 2427 1752 2492 dedomo
1785 2449 1842 2490 sua
1866 2427 1979 2490 eadem

427 2543 563 2606 vespere
580 2527 727 2596 exivisse.
752 2539 886 2610 tantum,
912 2543 1009 2612 prout
1033 2555 1075 2596 ex
1091 2535 1245 2598 relatione
1269 2537 1350 2599 dixit
1373 2557 1408 2600 se
1432 2537 1607 2618 accepisse,
1634 2535 1784 2598 familiam
1801 2555 1891 2598 suam
1908 2553 1982 2595 cum

426 2651 490 2692 uno
515 2629 657 2696 familiari
682 2633 735 2696 dni
760 2637 1001 2702 comendatoris
1025 2651 1057 2704 et
1080 2645 1249 2724 sagittario
1274 2643 1411 2706 duorum
1436 2643 1642 2706 Lwowsldch
1666 2643 1728 2705 illic
1744 2643 1785 2704 ad
1802 2641 1981 2723 predictum

425 2735 600 2820 hospitium
625 2751 779 2824 tanquam
804 2743 844 2806 ad
869 2746 1072 2810 tabernatam
1103 2769 1309 2812 communem
1341 2751 1518 2813 accessisse
1541 2749 1638 2814 etad
1662 2749 1821 2822 hostium,
1849 2757 1884 2810 ut
1907 2747 1980 2810 illuc

425 2845 732 2922 intromitterentur,
769 2851 916 2932 pulsasse
939 2864 971 2916 et
995 2873 1068 2916 cum
1093 2857 1180 2919 missi
1204 2858 1376 2932 intrarent,
1413 2858 1545 2922 tandem
1581 2879 1623 2921 ex
1657 2859 1764 2920 verbis
1799 2855 1922 2918 acerbis
1945 2865 1979 2917 et

426 2951 516 3014 rualis
552 2951 700 3016 hincinde
735 2957 870 3037 prolatis
905 2959 946 3022 ad
981 2964 1223 3026 contentionem
1248 2977 1281 3028 et
1305 2965 1435 3028 demum
1467 2964 1508 3026 ad
1543 2964 1769 3046 percussiones
1803 2963 1978 3025 deventum

425 3057 520 3122 fuisse
544 3081 581 3124 ac
607 3061 708 3144 ipsam
734 3065 865 3128 tandem
890 3065 1040 3130 familiam
1065 3069 1118 3132 dni
1143 3069 1324 3154 Lanczslry,
1350 3084 1525 3154 postquam
1553 3071 1748 3154 fugarentur,
1773 3069 1814 3131 ad
1845 3069 1977 3132 domum

423 3167 522 3248 ipsius
547 3167 667 3248 fugisse
691 3172 876 3254 omniaque,
912 3195 1104 3258 quecunque
1139 3189 1268 3260 patrata
1303 3191 1392 3252 sunt,
1429 3189 1542 3242 contra
1573 3178 1775 3242 voluntatem
1799 3187 1831 3240 et
1854 3177 1979 3258 absque

423 3275 504 3336 scitu
530 3275 628 3356 ipsius
652 3277 705 3338 dni
730 3277 902 3360 Lanczslty
938 3279 1022 3346 facta
1047 3305 1132 3362 esse;
1167 3286 1366 3368 tandemque
1399 3297 1572 3368 postquam
1603 3287 1673 3366 ipse
1698 3283 1780 3348 dnus
1805 3283 1977 3364 Lanczsky

422 3381 543 3444 audivit
569 3381 696 3464 pulsum
720 3384 946 3452 vehementem
971 3389 1011 3452 ad
1036 3389 1177 3454 hostium
1201 3393 1298 3456 etad
1322 3394 1450 3456 valvam
1470 3394 1556 3456 curie
1580 3393 1696 3454 domus
1728 3413 1785 3455 sue
1809 3392 1974 3453 clamores-

422 3507 485 3570 que
509 3507 661 3570 mugnos,
686 3512 822 3574 surgens
846 3493 886 3556 de
911 3495 997 3560 lecto
1029 3497 1060 3559 in
1086 3499 1179 3562 unica
1214 3501 1345 3564 camisia
1368 3501 1553 3582 factumque
1578 3501 1731 3572 resciens,
1760 3499 1919 3562 accedens
1943 3507 1978 3560 et

422 3601 512 3658 stans
537 3595 567 3658 111
592 3595 731 3662 fenestra
755 3599 871 3664 domus
896 3613 1021 3667 murate
1044 3605 1234 3670 adhortatus
1258 3617 1308 3671 est
1331 3609 1513 3670 incursores
1545 3607 1661 3670 domus
1684 3628 1758 3680 sue,
1793 3625 1834 3668 ne
1858 3604 1976 3666 violen-

420 3701 497 3764 tiam
522 3701 631 3766 domui
655 3725 727 3778 sue,
753 3707 853 3770 immo
874 3709 1026 3786 ecclesie,
1050 3711 1207 3786 facerent,
1234 3715 1288 3796 qui
1312 3715 1445 3778 tandem
1467 3723 1684 3789 recesserunt,
1717 3713 1775 3776 sed
1799 3714 1869 3793 ipse
1893 3711 1976 3774 dnus

419 3811 602 3884 canonicus,
627 3823 722 3892 prout
748 3813 837 3888 dixit,
862 3827 896 3878 et
919 3837 1024 3898 neque
1049 3827 1125 3880 tunc
1152 3839 1257 3902 neque
1281 3831 1357 3884 ante
1381 3822 1422 3884 de
1447 3821 1545 3884 domo
1570 3843 1627 3885 sua
1651 3820 1775 3898 exibat,
1799 3831 1832 3883 et
1855 3819 1974 3882 ibidem

418 3915 532 3998 prefati
558 3918 673 4000 prelati
697 3931 730 3983 et
754 3921 908 3994 canonici,
933 3922 1077 3988 exhibita
1101 3935 1133 3988 et
1157 3937 1291 3990 ostensa
1314 3949 1413 4008 super
1436 3939 1502 3992 tam
1520 3929 1662 4010 maligno
1679 3928 1764 3990 facto
1781 3939 1814 3992 et
1831 3929 1975 4008 ipsorum

417 4023 554 4088 duorum
579 4045 697 4108 magna
722 4026 852 4090 levitate
877 4028 1002 4112 lugubri
1027 4035 1262 4112 compassione,
1286 4035 1525 4116 responderunt
1549 4036 1626 4117 ipsis
1651 4035 1723 4098 dnis
1747 4033 1866 4096 nullam
1890 4055 1924 4097 se
1941 4035 1974 4095 in

417 4131 488 4214 ipso
513 4131 578 4194 duo
602 4131 775 4216 Lanezslry
800 4147 832 4198 et
857 4136 1001 4200 similiter
1024 4137 1142 4202 familia
1166 4141 1265 4222 ipsius
1288 4141 1409 4206 habere
1438 4143 1691 4206 iurisdictionem
1716 4153 1749 4206 et
1773 4145 1871 4204 etiam
1895 4141 1975 4222 ipsis

418 4259 481 4300 111111
506 4251 695 4320 curupetcre
719 4243 889 4322 quitquam
912 4243 953 4306 ad
977 4245 1141 4328 agendum
1165 4269 1262 4329 super
1287 4248 1348 4310 hoc
1373 4249 1459 4314 facto
1483 4271 1557 4312 cum
1581 4249 1703 4312 eisdem
1717 4249 1894 4320 homicidis,
1918 4269 1975 4329 pe·

416 4357 538 4418 tentes,
562 4357 597 4410 ut
621 4357 687 4410 tarn
708 4367 780 4410 cum
805 4351 876 4430 ipso
901 4349 965 4412 dno
991 4351 1172 4435 Lanezsky,
1208 4355 1289 4418 siin
1314 4357 1422 4437 aliquo
1455 4357 1623 4437 culpabilis
1650 4367 1748 4440 esset,
1772 4367 1806 4420 et
1829 4355 1975 4420 similiter

416 4473 489 4516 eum
514 4453 629 4516 1111111111
654 4453 754 4535 ipsius
779 4476 844 4518 non
880 4457 1041 4522 violentiis
1075 4461 1252 4544 aliquibus,
1288 4462 1346 4525 sed
1378 4464 1444 4524 iure
1473 4463 1636 4526 mediante
1672 4485 1781 4526 coram
1816 4463 1973 4526 iudicibus

415 4561 680 4642 corupetentibus
704 4565 937 4644 experirentur,
962 4587 1023 4646 pro
1046 4569 1257 4632 cohercendis
1281 4591 1359 4632 vero
1384 4571 1573 4634 excessibus
1597 4572 1696 4654 ipsius
1719 4571 1774 4633 dni
1791 4570 1972 4651 Lanczsky,

415 4667 440 4728 si
466 4667 496 4730 iu
520 4667 678 4750 aliquibus
702 4671 925 4751 reperirentur,
949 4685 1105 4754 quantum
1131 4675 1172 4738 ad
1197 4677 1287 4757 ipsos
1311 4677 1461 4757 pertinet,
1487 4697 1547 4758 pro
1565 4679 1707 4759 ipsorum
1724 4677 1862 4740 dnorum
1879 4675 1973 4738 infor-

415 4775 558 4838 matione
581 4775 743 4851 habenda,
780 4787 883 4841 testes
920 4801 978 4860 per
1011 4781 1110 4844 dnum
1144 4795 1390 4864 procuratorem
1425 4784 1557 4866 capituli
1589 4785 1793 4866 recipiendos
1817 4796 1852 4847 ct
1876 4783 1971 4845 michi

414 4883 541 4946 notario
566 4883 800 4948 examinandos
824 4889 1098 4952 commiseruntl.

625 5095 667 5160 Α.
697 5113 795 5178 1522,
819 5099 925 5163 hlartii
951 5117 1009 5182 24,
1033 5101 1065 5163 in
1088 5101 1240 5183 capitulo.

523 5251 632 5322 lllll.
656 5255 761 5340 rl'llI.
790 5261 917 5340 1541)..
943 5260 1007 5324 Dui
1032 5261 1193 5326 dederunt
1217 5263 1399 5326 libertatem
1423 5263 1465 5324 ad
1488 5259 1540 5326 Ill
1563 5283 1667 5324 annos
1690 5283 1708 5324 a
1732 5283 1833 5325 censu
1850 5271 1883 5324 et
1899 5281 1972 5342 pro·

409 5363 561 5426 ventibus
586 5367 729 5446 regentis
766 5368 930 5431 laborioso
964 5368 1060 5430 Petro
1093 5369 1207 5450 Pyplra
1243 5371 1412 5432 lrrnethoni
1436 5371 1467 5430 in
1491 5369 1719 5450 Troyanowo,
1743 5371 1793 5430 cui
1817 5381 1968 5450 tempore

410 5469 462 5532 be
477 5471 485 5532 l
500 5471 530 5534 li
555 5492 652 5534 vacca
677 5485 710 5536 et
734 5495 851 5556 ceruus,
876 5495 980 5538 avene
1004 5487 1070 5538 tres
1094 5478 1252 5540 maldrate
1276 5487 1309 5538 et
1333 5477 1468 5558 siliginis
1491 5477 1533 5538 ad
1550 5473 1633 5540 VllI
1649 5496 1819 5538 mensuras
1835 5487 1966 5558 recepta

410 5593 499 5658 suut;
523 5579 618 5642 nichil
643 5579 750 5646 habet.
