4416 6366
939 571 1029 621 ANNI
1048 569 1125 624 1457.
1765 591 1806 656 93

998 665 1185 672 ———.
1211 665 1239 670 --
1269 666 1394 672 .-.------
1414 667 1439 672 ..-
1475 667 1805 676 ..---.----.-—-—-—-.

359 783 448 852 472.
474 785 579 866 (ibid.)
602 783 817 849 Statutum
843 821 886 832 -—
909 785 991 848 Item
1014 787 1055 848 ad
1079 786 1239 849 cautelam
1262 787 1443 851 futurorum
1467 788 1693 862 ordinavimus,
1718 790 1807 872 quod

254 895 396 957 notarius
427 893 557 975 capituli
589 894 698 966 nostri,
731 893 785 974 qui
815 891 909 956 fuerit
940 913 1000 973 pro
1031 904 1182 974 tempore
1214 893 1396 958 infirmitate
1420 895 1580 970 detentus,
1611 907 1667 960 aut
1698 898 1805 979 aliqua

251 999 436 1064 racionabili
460 1002 654 1063 necessitate
678 999 874 1080 prepeditus,
899 999 1019 1081 poterit
1047 1000 1121 1062 loco
1152 1002 1198 1064 sui
1231 1022 1290 1081 pro
1322 1002 1377 1064 illo
1408 1013 1565 1083 tempore,
1598 1003 1695 1066 alium
1719 1006 1807 1086 prius

251 1110 292 1171 de
314 1108 468 1172 fidelitate
491 1110 628 1170 iuratum
652 1128 774 1189 ponere
798 1110 957 1170 notarium
983 1108 1024 1170 de
1047 1109 1172 1190 gremio
1197 1109 1345 1184 ecclesie,
1377 1109 1430 1190 qui
1454 1120 1547 1192 gesta
1571 1111 1702 1192 capituli
1727 1121 1803 1174 tunc

250 1216 413 1280 acticabit.

357 1354 445 1422 473.
477 1358 577 1440 1111111.)
608 1357 690 1421 Item
720 1360 852 1440 antique
883 1359 1108 1421 consuetudini
1132 1358 1267 1421 ecclesie
1290 1369 1403 1421 nostre
1427 1357 1611 1422 inherentes
1635 1358 1806 1440 ipsamque

250 1468 442 1528 inconcusse
477 1467 651 1528 observare
682 1465 832 1528 volentes
866 1486 924 1546 per
954 1465 1086 1527 modum
1122 1467 1236 1529 statuti
1272 1466 1488 1528 declaramus:
1526 1465 1614 1546 quod
1650 1465 1804 1546 deinceps

249 1575 424 1637 canonicus
448 1574 583 1636 ecclesie
607 1582 718 1636 nostre
742 1573 855 1635 ultimo
879 1585 1029 1653 receptus
1054 1574 1151 1637 etad
1176 1573 1351 1654 capitulum
1374 1573 1540 1647 admissus,
1572 1573 1656 1634 ostia
1680 1573 1804 1653 capelle

250 1701 305 1744 seu
331 1681 393 1742 loci
425 1681 609 1761 capitularis
641 1691 789 1760 tempore
821 1681 979 1762 generalis
1010 1691 1043 1743 et
1074 1681 1274 1760 particularis
1305 1681 1520 1761 capitulorum
1551 1681 1674 1761 aperiat
1704 1691 1804 1762 atque

248 1788 390 1862 claudat,
422 1810 487 1870 quo
514 1789 665 1862 absente,
697 1788 797 1868 ipsius
830 1788 1035 1850 immediatus
1065 1797 1255 1850 antecessor
1285 1797 1436 1868 receptus
1468 1786 1530 1848 hoc
1561 1787 1666 1868 ipsum
1697 1787 1802 1850 facere

249 1905 406 1960 teneatur.

462 2087 505 2150 A.
536 2087 780 2168 1457,Ι111114,
805 2089 836 2150 111
860 2087 1003 2170 capitulo
1027 2088 1180 2171 generali.

354 2227 443 2296 474.
470 2231 520 2312 (ΙΙ.
543 2230 637 2310 192⁰).
659 2231 720 2294 Die
736 2231 828 2292 Lune
839 2279 862 2293 ..
880 2230 1016 2294 durante
1033 2231 1175 2310 capitulo
1193 2230 1337 2312 generali
1353 2229 1418 2292 dno
1435 2229 1598 2293 Stanislao
1615 2230 1655 2292 de
1672 2229 1803 2310 Dobye·

247 2337 378 2400 schewo
396 2340 544 2410 racione,
569 2338 657 2418 quod
680 2349 750 2402 erat
773 2339 804 2400 in
829 2359 846 2400 c
859 2359 879 2400 0
892 2360 910 2399 n
924 2359 944 2400 v
957 2359 974 2400 e
988 2359 1008 2400 n
1022 2358 1038 2399 c
1050 2339 1057 2399 i
1071 2359 1091 2400 o
1106 2359 1157 2400 ne
1186 2337 1208 2400 S
1221 2359 1264 2399 rz
1278 2358 1295 2400 e
1308 2338 1328 2399 d
1342 2358 1360 2398 e
1373 2357 1393 2398 n
1407 2359 1422 2400 s
1435 2340 1458 2411 i,
1484 2338 1687 2400 donaverunt
1704 2356 1801 2398 unam

247 2465 388 2508 marcam
412 2447 444 2507 in
468 2446 626 2526 pensione
650 2445 755 2508 sutura
780 2445 1010 2508 deducendam

461 2639 504 2702 A.
534 2653 625 2718 1457,
649 2637 718 2701 iulii
742 2653 770 2719 7,
795 2641 827 2701 in
851 2638 1003 2720 capitulo.

353 2777 443 2846 475.
482 2781 529 2864 (ΙΙ.
560 2781 632 2862 193)
668 2781 730 2843 Die
752 2781 880 2845 Iovis..
911 2781 1005 2844 dni..
1034 2782 1283 2863 assignaverunt
1305 2782 1371 2843 dno
1395 2781 1517 2844 Mathie
1541 2780 1698 2843 canonico
1723 2779 1802 2841 duas

246 2908 370 2952 marcas
394 2890 523 2953 racione
547 2890 718 2972 fatigatum
742 2900 776 2953 et
799 2891 865 2964 vie,
894 2911 974 2972 quas
998 2889 1140 2953 facturus
1164 2901 1214 2954 est
1238 2890 1269 2952 in
1293 2889 1484 2952 Thorun
1508 2910 1568 2971 pro
1593 2899 1801 2970 argento

246 2996 466 3059 ecclesie.

459 3189 503 3253 A.
534 3205 626 3270 1457,
650 3190 793 3273 Augusti
816 3194 845 3264 6,
871 3193 902 3252 in
926 3191 1079 3272 capitulo.

352 3329 441 3397 476.
467 3331 513 3412 (II.
544 3333 641 3415 193⁰).
681 3331 742 3395 Die
766 3331 939 3396 Saturni..
975 3333 1029 3395 dni
1065 3333 1268 3396 donaverunt
1300 3332 1399 3395 nobili
1431 3331 1526 3394 Petro
1550 3329 1799 3411 Luczanowsky

243 3439 362 3501 nuncio
387 3440 440 3501 dni
465 3440 567 3519 Regis
591 3451 744 3522 quattuor
768 3460 903 3502 marcas

457 3631 500 3694 A.
532 3648 622 3714 1457,
647 3631 802 3697 Octobris
831 3637 877 3707 18,
902 3638 933 3697 in
957 3634 1110 3715 capitulo.

350 3771 438 3839 477.
462 3774 510 3854 (ΙΙ,
541 3777 620 3854 194).
646 3775 727 3838 Item
752 3775 870 3838 ibidem
894 3777 977 3838 dnus
993 3775 1154 3839 lohannes
1170 3775 1408 3856 Twardowsky
1424 3775 1465 3837 de
1480 3795 1641 3837 consensu
1658 3775 1795 3836 dnorum

243 3882 536 3962 suprascriptorum
560 3883 787 3946 accomodavit
809 3882 958 3946 iratribus
990 3883 1303 3946 bernardinis
1335 3882 1433 3946 libros
1463 3883 1628 3945 videlicet:
1664 3881 1797 3944 Senten-

242 3989 371 4062 ciarum,
395 3987 606 4052 Scolasticam
631 3988 820 4070 hystoriam,
844 3989 909 4053 Cur
933 3991 1012 4054 deus
1035 3991 1135 4052 homo
1159 4001 1192 4053 et
1216 3989 1478 4053 Concordancias
1495 3989 1795 4071 Evangelistarum.

456 4182 499 4246 A.
531 4197 622 4264 1457,
647 4181 802 4246 Octobris
827 4201 877 4262 29,
901 4186 931 4247 in
957 4139 1108 4265 capitulo.

349 4321 439 4390 448.
464 4325 513 4406 (ΙΙ.
544 4329 627 4405 194).
652 4325 733 4389 Item
758 4327 875 4389 ibidem
899 4327 1112 4391 decreverunt
1135 4327 1276 4389 dandum
1301 4327 1461 4390 fertonem
1485 4346 1579 4408 mgro
1600 4324 1738 4386 Nicolao
1755 4323 1795 4386 de

242 4431 374 4506 Costen,
398 4445 551 4513 tanquam
576 4433 688 4496 luisset
711 4455 845 4515 presens
869 4436 952 4498 circa
977 4436 1123 4498 ultimam
1146 4438 1347 4500 audicionem
1372 4435 1525 4506 racionIs,
1554 4453 1613 4514 pro
1638 4453 1703 4514 quo
1719 4441 1796 4494 tem·

241 4559 322 4620 pore
345 4539 403 4602 fuit
427 4539 514 4620 apud
538 4540 636 4602 dnum
661 4541 722 4603 Re
735 4561 833 4624 gem
858 4543 889 4604 in
915 4541 1057 4606 Gnezna.

455 4757 499 4819 A.
529 4771 620 4839 1457,
644 4758 841 4822 Novembris
870 4777 923 4835 12,
948 4763 980 4823 in
1003 4762 1146 4843 capitulo
1170 4763 1322 4844 generali.

346 4895 434 4964 479.
471 4899 520 4980 (ΙΙ.
550 4901 635 4982 194⁰)
668 4900 761 4985 [Dni]
793 4903 1053 4978 declaraverunt,
1085 4905 1173 4985 quod
1204 4905 1373 4986 presbiteri
1404 4915 1481 4984 post
1509 4905 1628 4965 curiam
1652 4905 1706 4964 dni
1731 4902 1793 4981 Epi

239 5006 399 5069 domicilia
423 5006 582 5070 habentes
605 5028 669 5069 non
695 5019 846 5072 tenentur
868 5011 909 5072 ad
933 5011 1056 5092 aliquas
1079 5012 1233 5074 collectas
1258 5033 1316 5094 pro
1341 5013 1406 5074 11110
1431 5012 1524 5093 Rege
1540 5011 1592 5073 vel
1608 5011 1649 5072 ad
1666 5010 1794 5090 expedi-

239 5115 361 5189 ciones,
384 5134 432 5188 eo,
465 5114 553 5194 quod
584 5134 650 5176 non
682 5117 877 5197 participant
908 5118 949 5180 de
979 5118 1222 5192 emolumentis,
1252 5119 1464 5200 proventibus
1492 5118 1532 5180 de
1563 5130 1679 5199 ponte,
1711 5118 1794 5179 sicut

238 5220 395 5301 oppidani
419 5219 450 5280 in
475 5219 623 5299 Ostrow;
648 5222 817 5303 presbiteri
840 5244 927 5300 vero,
952 5226 1007 5306 qui
1030 5225 1177 5289 habitant
1200 5227 1231 5288 in
1257 5225 1398 5300 Ostrow,
1421 5237 1582 5290 tenentur.

346 5358 436 5426 480.
461 5360 562 5444 (ibid.)
586 5364 666 5426 Item
691 5364 757 5426 dno
781 5366 907 5429 doctori
931 5367 971 5428 de
996 5365 1119 5430 Costen
1142 5369 1183 5430 ad
1207 5381 1285 5432 vota
1309 5369 1362 5430 dni
1386 5369 1530 5451 Regis
1554 5371 1683 5432 racione
1707 5368 1790 5450 lega-

238 5470 356 5542 cionis,
392 5469 424 5530 in
455 5490 518 5550 qua
541 5470 630 5533 vadit
664 5471 704 5532 ad
737 5474 1111 5537 convencionem
1148 5477 1178 5538 in
1215 5476 1530 5560 Norunberga
1564 5478 1597 5540 in
1625 5478 1711 5542 facto
1735 5479 1789 5540 rei·

238 5575 375 5658 pubIIce,
400 5577 629 5642 concluserunt
652 5578 793 5642 dandum
818 5589 956 5662 quatuor
980 5601 1113 5647 marcas.
