4458 6356
404 605 445 650 22
923 588 1016 636 ncrn
1035 588 1197 637 caer'ruur
1216 587 1471 636 romanianus

407 680 1361 688 .—-——-————--.—————.
1370 681 1472 687 .-—-—
1525 681 1533 686 -
1543 681 1623 686 ——-
1640 682 1655 686 -
1664 681 1710 686 —-.
1720 681 1837 687 -—---
1864 680 1959 687 --.-.-—-

402 801 543 881 positum
568 798 834 863 Gluschinensem
860 811 892 864 et
916 800 1084 863 Nicolaum
1109 799 1317 881 Czothczany
1342 821 1453 863 versus
1477 800 1608 882 opidum
1634 800 1811 864 Costen
1836 801 1877 864 ad
1902 821 1956 862 au·

401 907 550 970 diendam
574 909 797 988 responsivam
822 928 865 970 ex
888 918 980 988 parte
1004 907 1086 970 Pru
1099 919 1112 970 t
1125 906 1145 969 h
1159 928 1211 999 en
1224 927 1350 970 orum
1374 927 1431 988 per
1456 908 1583 990 legatos
1608 908 1673 970 dno
1698 909 1782 990 Regi
1799 907 1950 971 dandam.

616 1119 657 1180 A.
687 1135 778 1198 1433,
802 1119 878 1180 Maii
909 1135 955 1192 10,
980 1119 1011 1180 in
1035 1117 1189 1200 capitulo.

511 1256 594 1325 1115.
618 1261 652 1342 (Ι.
683 1261 794 1336 roll..
819 1259 939 1322 Vener.
965 1269 997 1322 et
1021 1259 1135 1322 honor.
1160 1260 1218 1321 viri
1241 1259 1338 1321 dni..
1365 1260 1480 1341 prelati
1510 1270 1544 1321 et
1567 1259 1711 1321 canonici
1736 1280 1843 1324 vener.
1868 1262 1955 1324 viros

403 1365 485 1428 dnos
510 1387 637 1448 mgrum
662 1365 932 1430 Strzeschlronem
950 1377 982 1430 et
999 1366 1175 1428 Hectorem
1192 1367 1366 1428 canonicos
1390 1367 1528 1428 Poznan.
1546 1387 1658 1429 versus
1682 1377 1793 1447 partes
1818 1368 1852 1429 M
1863 1389 1883 1430 a
1897 1389 1913 1429 z
1926 1389 1958 1430 o·

402 1473 474 1535 vie
505 1493 565 1554 pro
591 1474 764 1536 limitandis
799 1484 832 1536 et
863 1473 1113 1536 determinandis
1150 1473 1331 1536 diocesibus
1365 1471 1486 1535 Gnezn.
1511 1483 1543 1536 et
1567 1472 1706 1536 Poznan.
1731 1475 1833 1537 ituros
1856 1475 1958 1557 depu-

404 1589 563 1642 taverunt.

616 1774 657 1838 A.
688 1791 778 1854 1433,
802 1775 879 1837 Maii
907 1791 953 1848 12,
978 1775 1008 1836 in
1033 1775 1186 1856 capitulo.

514 1911 597 1980 106.
623 1917 657 1997 (Ι.
687 1919 801 1996 102)..
825 1915 943 1980 Vener.
968 1927 1001 1979 et
1025 1915 1137 1979 honor.
1162 1917 1220 1979 viri
1243 1917 1341 1980 dni..
1374 1917 1489 1998 prelati
1517 1927 1550 1980 et
1574 1919 1764 1980 canonici..
1791 1917 1852 1980 LX
1876 1937 1957 1978 mar-

402 2043 457 2084 cas
480 2021 560 2085 Smo
596 2025 731 2106 principi
755 2023 820 2086 dno
854 2023 1125 2086 Wladislao
1160 2023 1244 2106 Regi
1277 2024 1408 2086 Polonie
1438 2045 1497 2105 pro
1528 2023 1726 2086 honorancia
1761 2024 1884 2088 dandas
1908 2025 1957 2088 de·

405 2141 584 2194 creverunt.

616 2323 658 2386 A.
689 2340 780 2402 1433,
804 2325 880 2386 Maii
909 2343 955 2403 19·
980 2325 1010 2386 in
1035 2325 1187 2406 capitulo,

513 2461 597 2530 107.
623 2465 657 2542 (l.
688 2467 774 2546 102⁰)
810 2466 871 2528 Die
895 2467 1048 2531 Martis..
1074 2469 1105 2528 in
1130 2468 1203 2529 loco
1235 2467 1401 2548 capitulari
1437 2467 1565 2528 Rmo..
1590 2465 1655 2527 dno
1692 2463 1855 2530 Stanislao
1879 2467 1953 2547 Epo

402 2569 539 2634 Poznan.
575 2593 701 2635 necnon
732 2595 838 2635 vener.
871 2585 904 2635 et
936 2573 1047 2635 honor.
1084 2575 1158 2636 viris
1182 2574 1298 2636 dnis..
1324 2573 1457 2653 prelatis
1481 2586 1514 2636 et
1537 2575 1699 2636 canonicis
1735 2575 1953 2655 capitulariter

400 2681 608 2762 congregatis
640 2701 747 2744 vener.
773 2700 853 2762 mgr.
874 2679 1056 2759 Jeronimus
1080 2682 1120 2743 de
1145 2681 1249 2762 Praga
1272 2679 1304 2742 S.
1330 2679 1512 2762 Theologie
1547 2681 1713 2761 professor
1744 2671 1957 2762 personaliter

400 2788 595 2849 constitutus
619 2786 778 2866 prefatum
802 2787 921 2849 Rmum
948 2797 1073 2867 patrem
1098 2789 1198 2850 dnum
1229 2785 1426 2850 Stanislaum
1459 2789 1566 2869 Epum
1591 2808 1628 2849 ac
1652 2788 1758 2852 dictos
1782 2789 1866 2852 dnos
1890 2810 1955 2870 pre·

402 2893 486 2956 latos
510 2905 543 2956 et
566 2895 740 2956 canonicos
763 2896 876 2976 vigore
901 2895 1077 2957 litterarum
1102 2916 1126 2958 s.
1151 2894 1362 2958 Concilii
1386 2895 1697 2968 Basiliensis,
1734 2916 1814 2977 quas
1838 2897 1956 2958 ibidem

401 2999 442 3061 ad
467 3001 605 3062 medium
623 3002 785 3082 produxit,
810 3003 941 3074 monuit,
966 3003 1076 3064 citavit
1101 3013 1133 3064 et
1157 3003 1338 3082 requisivit,
1369 3004 1519 3084 quatinus
1543 3003 1574 3063 in
1598 3002 1685 3065 dicto
1710 3004 1846 3065 concilio
1871 3005 1956 3066 Basi-

402 3106 492 3170 liensi
515 3110 557 3172 ad
579 3109 812 3171 consulendum
845 3129 904 3189 pro
930 3110 1121 3189 extirpanda
1152 3109 1312 3172 heresi
1344 3109 1669 3172 hereticorum
1693 3131 1728 3172 se
1752 3121 1954 3192 representa·

401 3225 473 3277 rent
493 3215 544 3277 vel
568 3215 690 3290 saltem,
715 3217 740 3278 si
765 3216 916 3298 legitimis
951 3216 1189 3297 impedimentis
1224 3215 1340 3278 suerint
1364 3215 1531 3296 prepediti,
1568 3226 1675 3280 certos
1711 3219 1846 3280 nuncios
1881 3239 1954 3280 cum

402 3323 563 3384 mandatis
598 3325 740 3404 ipsorum
776 3322 1006 3386 sufficientibus
1041 3323 1240 3385 destinarent
1276 3322 1336 3385 sub
1362 3325 1453 3403 penis
1478 3325 1700 3404 suspensionis
1724 3325 1765 3386 ab
1790 3325 1896 3388 officio
1921 3337 1954 3388 et

399 3428 467 3490 aliis
492 3430 523 3490 in
547 3430 640 3492 dictis
664 3431 776 3493 litteris
800 3432 962 3492 contentis
986 3430 1065 3492 inira
1083 3441 1222 3511 quatuor
1247 3449 1395 3506 menses;
1420 3431 1524 3492 dictus
1548 3450 1626 3492 vero
1645 3431 1746 3493 Rmus
1763 3443 1855 3511 pater
1872 3432 1955 3495 dnus

401 3532 580 3598 Stanislaus
603 3537 692 3618 Epus
717 3559 776 3600 suo
800 3559 837 3599 ac
861 3537 1019 3599 dictorum
1045 3537 1181 3598 duorum
1206 3537 1403 3618 prelatorum
1436 3547 1469 3600 et
1493 3538 1722 3600 canonicorum
1748 3540 1788 3600 de
1813 3539 1955 3620 capitulo

401 3639 555 3725 [nomine]
574 3655 772 3725 protestatus
796 3655 856 3726 est,
882 3645 970 3726 quod
995 3657 1124 3725 paratus
1149 3653 1199 3706 est
1224 3663 1382 3706 unacum
1407 3645 1548 3725 capitulo
1573 3665 1632 3706 suo
1657 3665 1770 3726 parere
1787 3646 1955 3718 mandatis

403 3759 500 3828 prout
524 3761 667 3828 tenetur;
692 3751 898 3833 presentibus
922 3751 1067 3812 discretis
1091 3751 1166 3812 viris
1183 3752 1253 3810 duis
1269 3801 1274 3814 .
1291 3797 1319 3814 ..

518 3857 601 3924 108.
633 3861 664 3940 (l.
696 3861 777 3940 103).
813 3861 895 3922 Item
927 3859 1043 3920 ibidem
1076 3859 1151 3921 dicti
1183 3858 1236 3919 dni
1261 3859 1374 3939 prelati
1398 3869 1430 3920 et
1454 3859 1599 3920 canonici
1624 3879 1732 3922 vener.
1757 3861 1844 3922 viros
1868 3861 1951 3924 dnos

403 3965 573 4029 Nicolaum
598 3969 804 4031 scolasticum
828 3977 862 4029 et
885 3966 1061 4030 Hectorem
1091 3967 1292 4046 prepositum
1324 3963 1591 4028 Gluschinensem
1616 3966 1657 4027 ad
1681 3967 1899 4048 colligendum
1924 3979 1956 4030 et

401 4074 619 4154 recipiendum
652 4074 1022 4137 contribucionem
1055 4074 1239 4154 regalem
1271 4093 1290 4132 a
1321 4073 1408 4134 clero
1436 4073 1532 4134 Pozn.
1563 4073 1700 4136 diocesis
1732 4094 1804 4134 curn
1840 4075 1954 4136 honor.

401 4180 466 4241 dno
492 4179 660 4244 Clemente
685 4181 811 4243 officiali
836 4182 1085 4263 deputaverunt.

513 4283 598 4351 109.
624 4289 658 4368 (Ι.
688 4291 769 4370 103).
801 4289 882 4351 Item
906 4288 1024 4351 ibidem
1050 4287 1218 4348 memorati
1243 4286 1297 4347 dni
1322 4285 1437 4366 prelati
1461 4297 1493 4349 et
1517 4287 1663 4348 canonici
1688 4289 1900 4350 decreverunt
1923 4299 1956 4352 et

399 4395 590 4457 unanimiter
621 4395 863 4468 concluserunt,
899 4395 988 4475 quod
1011 4393 1150 4474 eligendi
1177 4413 1233 4470 per
1257 4393 1431 4464 electores
1457 4413 1515 4474 per
1538 4393 1621 4455 dnos
1645 4395 1685 4456 de
1709 4395 1851 4475 capitulo
1875 4397 1953 4458 alias

401 4521 460 4579 pro
483 4503 714 4564 conservandis
738 4503 834 4564 rebus
857 4523 914 4564 seu
939 4501 1092 4564 thezauro
1117 4479 1252 4562 ecclesie
1275 4502 1412 4574 electoS,
1438 4500 1604 4564 habebunt
1628 4502 1846 4564 omnimodam
1864 4502 1956 4564 sacul-

400 4617 501 4670 tatem
525 4629 575 4670 res
599 4608 721 4690 aliquas
746 4608 880 4672 ecclesie
906 4609 936 4669 in
960 4628 1038 4670 auro
1074 4608 1141 4670 sive
1172 4619 1311 4686 argento
1339 4608 1505 4690 obligandi
1530 4609 1561 4669 in
1586 4607 1644 4670 LX
1668 4610 1784 4670 marcis
1807 4631 1867 4690 pro
1890 4611 1956 4672 dno

402 4713 513 4796 Rege
537 4715 651 4777 dandis
676 4727 708 4778 et
733 4717 772 4777 de
797 4717 893 4778 rebus
918 4716 1040 4777 eisdem
1066 4716 1155 4776 iuxta
1180 4713 1332 4795 placitum
1357 4715 1559 4795 disponendi.

425 4820 426 4824 ’
513 4817 594 4885 llll.
620 4821 650 4902 (1.
681 4823 777 4904 103⁰).
813 4821 977 4904 Ostrorog
1000 4859 1043 4867 -
1068 4822 1148 4884 ltem
1182 4822 1299 4882 ibidem
1333 4823 1501 4884 memorati
1533 4821 1586 4884 dni
1618 4822 1732 4902 prelati
1755 4831 1788 4886 et
1812 4825 1957 4887 canonici

402 4927 533 5008 magnif.
559 4929 624 4990 dno
649 4927 849 5010 Sandivogio
874 4929 1018 5010 palatino
1043 4929 1174 4990 Maioris
1198 4928 1331 4990 l'olonie
1355 4930 1472 4991 robora
1489 4949 1549 5011 pro
1565 4929 1685 4990 allodio
1702 4929 1882 4993 edificando
1900 4951 1957 5012 per

401 5054 509 5098 vener.
534 5037 633 5098 dnum
659 5036 699 5100 N.
724 5037 764 5099 de
789 5035 1024 5100 Glarnboczecz
1055 5037 1315 5099 archidiaconum
1348 5037 1487 5098 Poznan.
1512 5037 1543 5098 in
1568 5036 1746 5100 hereditate
1770 5038 1956 5120 Rogalinlro

401 5141 507 5204 danda
531 5145 753 5208 decreverunt.

615 5355 657 5418 A.
689 5373 784 5436 1433,
814 5357 889 5418 Maii
915 5371 973 5437 25,
999 5359 1030 5420 in
1055 5358 1207 5437 capitulo.

514 5493 554 5560 ll
569 5495 599 5562 1.
618 5499 652 5578 (l.
675 5501 747 5576 104)
765 5498 806 5561 D.
830 5497 949 5564 Solis..
973 5519 1079 5561 vener.
1097 5509 1130 5561 et
1145 5498 1259 5561 honor.
1277 5499 1334 5561 viri
1351 5499 1405 5560 dni
1422 5499 1548 5581 [prelati
1564 5509 1597 5561 et
1613 5497 1770 5584 canonici}
1786 5547 1791 5560 .
1808 5546 1814 5560 .
1832 5498 1956 5560 conclu·

400 5616 527 5675 serunt.
553 5606 639 5687 quod
664 5605 779 5668 honor.
805 5607 862 5668 viri
887 5607 941 5668 dni
958 5607 1098 5668 lllathias
1122 5608 1162 5668 de
1187 5605 1366 5688 Chlapowo
1383 5619 1416 5668 et
1433 5607 1586 5669 Nicolaus
1603 5605 1787 5668 Lanthman
1811 5605 1956 5668 canonici
