4458 6356
426 581 444 631 2
931 567 1025 620 nera
1044 567 1207 622 carnum
1226 567 1482 622 Poznnrnertsrs

424 791 549 862 cantor,
573 781 728 844 Nicolans
753 783 951 856 scolasticus,
975 781 1181 867 Predvogius¹
1192 783 1232 846 de
1249 783 1370 847 Grandi
1393 785 1580 866 prepositus
1604 783 1734 856 Gnezn,
1759 784 1913 847 Nicolaus
1937 784 1978 846 de

424 885 535 950 Gorka
557 889 782 966 cancellarius,
817 909 899 972 mgr.
925 889 1135 964 Strzeschko,
1166 891 1332 970 Janussius
1363 891 1403 954 de
1433 891 1623 972 Scholowo‚
1655 891 1769 954 Petrus
1801 891 1975 971 Nowyecz,

425 995 549 1058 Hector
571 997 758 1078 prepositus
782 995 1040 1073 Gluschinensis‚
1065 997 1204 1060 Mathias
1221 997 1398 1081 Cordebog
1414 998 1573 1072 officialis,
1598 997 1795 1080 Boguslaus,
1819 997 1974 1060 Nicolaus

424 1101 618 1180 Lanthman‚
643 1103 796 1167 Nicolaus
821 1103 1036 1186 Czothezany,
1061 1102 1186 1186 Slupko
1211 1105 1252 1167 de
1275 1104 1475 1170 Schamotuli
1498 1116 1532 1169 et
1551 1105 1715 1186 Johannes
1739 1104 1881 1166 Furman
1905 1125 1975 1185 pre-

425 1208 481 1272 lati
513 1221 546 1274 et
580 1211 759 1275 canonici..
791 1221 929 1275 tractatu
961 1211 1106 1294 diligenti
1144 1232 1242 1293 super
1275 1212 1652 1276 contribucione
1687 1212 1763 1274 Rdo
1795 1213 1878 1293 patri
1911 1211 1977 1274 dno

425 1313 587 1380 Stanislao
604 1317 678 1399 Epo
696 1317 791 1382 Pozn.
816 1317 922 1380 danda
938 1317 1024 1382 lacto
1048 1329 1081 1382 et
1099 1317 1271 1400 prehabito
1295 1319 1522 1384 concluserunt
1546 1319 1824 1383 contribncionem
1841 1318 1976 1382 eandem

426 1443 485 1504 per
508 1403 567 1486 eos
593 1445 658 1487 non
682 1445 753 1487 esse
777 1423 926 1486 dandam.

535 1527 568 1595 5.
593 1531 737 1614 (Ibidem)
753 1531 804 1594 De
820 1533 950 1614 synodo
964 1533 1101 1596 -Item
1125 1533 1243 1596 ibidem
1261 1534 1337 1597 dicti
1353 1534 1407 1596 dni
1424 1533 1538 1616 prelati
1554 1544 1587 1597 et
1604 1534 1750 1596 canonici
1766 1531 1978 1595 decreverunt

427 1637 655 1718 synodum
691 1639 998 1702 diocesariam
1034 1660 1092 1721 per
1123 1641 1231 1703 Rdum
1254 1653 1380 1722 patrem
1405 1641 1505 1703 dnum
1528 1637 1723 1702 Stanislaum
1747 1639 1854 1720 Epum
1880 1637 1979 1701 Pozn.

426 1763 487 1825 pro
503 1743 590 1806 clero
614 1765 671 1808 sue
694 1745 778 1808 dioc.
803 1746 899 1809 Pozn.
924 1757 1000 1810 octo
1024 1747 1138 1810 diebus
1162 1759 1238 1812 ante
1260 1747 1378 1811 festum
1401 1747 1433 1810 b.
1458 1747 1587 1810 Martini
1611 1745 1815 1810 Confessoris
1842 1745 1978 1827 gloriosi

426 1852 612 1931 proximum
636 1853 668 1915 in
692 1853 853 1916 Poznania
875 1853 1112 1917 celebrandam.

639 2046 682 2111 A.
711 2064 806 2128 1429,
831 2047 899 2126 Julii
923 2065 959 2122 2,
984 2048 1016 2110 in
1039 2047 1182 2129 capitulo
1206 2047 1361 2131 generali.

535 2185 569 2252 6.
595 2187 630 2270 (Ι.
660 2189 721 2270 15).
747 2189 810 2252 Dni
834 2190 935 2271 Regis
958 2189 1092 2254 Polonie
1116 2226 1159 2236 -
1182 2189 1244 2252 Die
1268 2188 1397 2254 Saturni
1423 2189 1485 2252 2da
1509 2209 1549 2251 m.
1569 2189 1681 2270 Julii..
1725 2190 1894 2271 prescripti
1926 2189 1980 2251 dni

429 2293 543 2374 prelati
567 2307 600 2358 et
625 2298 835 2373 canonici..,
865 2296 983 2360 habitis
1008 2299 1090 2360 inter
1113 2317 1148 2361 se
1172 2298 1313 2360 consiliis
1343 2297 1384 2360 de
1407 2297 1602 2360 subsidio
1634 2297 1870 2360 caritativo
1902 2295 1981 2358 Smo

427 2403 563 2482 principi
586 2403 652 2465 dno
676 2403 854 2466 Wladislao
878 2404 963 2487 Regi
979 2404 1113 2467 Polonic
1128 2425 1189 2486 pro
1205 2405 1422 2487 exstirpandis
1446 2406 1605 2486 perversis
1628 2404 1839 2466 hereticis
1863 2403 1981 2476 dand0,

427 2507 639 2572 decreverunt
662 2511 723 2572 sibi
747 2511 812 2572 dno
836 2511 921 2594 Regi
944 2513 1077 2594 triginta
1100 2532 1224 2576 marcas
1248 2511 1317 2574 lore
1340 2511 1473 2575 dandas.

640 2685 684 2750 A.
715 2703 812 2767 1429,
831 2687 904 2770 Julii
931 2703 964 2769 5,
989 2689 1021 2750 in
1045 2688 1188 2771 capitulo
1213 2689 1364 2770 generali.

536 2821 567 2891 7.
592 2825 626 2908 (I.
656 2827 719 2908 15⁰)
744 2827 794 2890 De
817 2827 949 2892 licencia
972 2829 1216 2892 absentancium
1233 2865 1276 2876 -
1292 2829 1374 2892 Item
1398 2830 1448 2891 die
1464 2829 1576 2893 Martis
1595 2840 1648 2910 5ta
1665 2849 1706 2892 nr.
1721 2829 1791 2908 Julii
1810 2828 1979 2910 prescripti

428 2932 481 2994 dni
507 2932 620 3014 prelati
645 2945 678 2997 et
702 2937 849 2998 canonici
879 2936 1052 3020 capitulum
1084 2938 1236 3019 generale
1267 2939 1494 3000 continuantes
1526 2947 1707 3000 statuerunt
1732 2938 1924 2998 unanimiter
1947 2945 1981 2996 et

427 3039 738 3115 determinaverunt,
762 3042 852 3124 quod
875 3043 916 3106 de
939 3055 1049 3108 cetero
1074 3064 1140 3106 non
1165 3045 1281 3108 dentur
1305 3044 1552 3106 distribuciones
1576 3042 1752 3106 cottidiane
1777 3043 1915 3104 dominis
1940 3041 1980 3103 de

427 3147 570 3229 capitulo
595 3149 770 3230 assumptis
794 3171 853 3231 per
876 3151 975 3214 dnum
999 3151 1106 3232 Epum
1131 3152 1227 3214 etad
1253 3172 1444 3233 quecunque
1468 3151 1539 3212 loca
1563 3151 1713 3214 euntibus
1737 3171 1809 3212 cum
1834 3169 1890 3222 e0,
1919 3148 1979 3210 nisi

428 3255 591 3335 exquisito
623 3258 762 3337 negocio
794 3268 827 3320 et
858 3278 968 3330 causa,
1001 3279 1061 3340 pro
1085 3280 1148 3341 qua
1173 3259 1233 3340 ipsi
1264 3260 1319 3322 dni
1343 3270 1566 3334 assumuntur,
1598 3259 1680 3320 etsi
1704 3278 1763 3338 per
1794 3258 1982 3339 diligentem

427 3361 672 3444 inquisicionem
696 3375 899 3446 compertum
923 3365 1032 3442 fuerit,
1057 3367 1145 3448 quod
1169 3386 1211 3428 ex
1235 3386 1331 3428 causa
1361 3367 1507 3446 tangenti
1539 3365 1716 3438 ecclesiam,
1750 3375 1828 3446 puta
1851 3383 1981 3426 mensas

427 3469 490 3550 Epi
513 3470 566 3532 vel
589 3472 727 3554 capituli,
751 3493 789 3533 ac
812 3472 853 3535 de
877 3471 1009 3535 licencia
1039 3483 1072 3536 et
1104 3473 1273 3536 voluntate
1297 3473 1428 3554 capituli
1457 3474 1666 3545 recesserint,
1690 3482 1810 3534 extunc
1835 3470 1982 3533 distribu-

427 3577 538 3639 ciones
561 3578 738 3640 cottidiane
762 3579 883 3642 eisdem
908 3599 974 3642 non
998 3580 1211 3662 denegentur.

536 3679 568 3748 8.
585 3683 617 3765 (l.
641 3686 687 3765 16)
712 3685 913 3748 Vicariornm
929 3687 1193 3749 Poznaniensium
1211 3724 1252 3732 —
1270 3687 1394 3749 Eodem
1417 3687 1552 3750 durante
1568 3685 1710 3766 capitulo
1728 3684 1869 3766 generali
1891 3683 1983 3746 Rdus

428 3799 522 3869 pater
544 3791 627 3854 dnus
650 3789 829 3856 Stanislaus
853 3793 944 3876 Epus
968 3793 1064 3856 Pozn.
1089 3805 1300 3857 statutum
1325 3794 1488 3876 quoddam
1515 3814 1573 3874 per
1597 3793 1682 3854 bone
1706 3793 1859 3855 memorie
1883 3791 1981 3853 dnum

428 3895 595 3960 Andream
619 3897 769 3981 Laskary
791 3899 900 3982 Epum
923 3901 999 3963 olim
1017 3901 1113 3964 Pozn.
1138 3902 1403 3983 predecessorem
1428 3920 1519 3964 suum
1544 3901 1719 3972 conditum,
1745 3901 1776 3960 in
1801 3919 1865 3980 quo
1883 3899 1983 3960 eonti-

427 4013 536 4078 netur,
561 4007 648 4086 quod
673 4007 779 4070 nullus
803 4009 993 4071 vicariorum
1018 4009 1154 4072 ecclesie
1177 4009 1273 4072 Pozn.
1292 4010 1441 4071 vicariam
1459 4018 1650 4089 perpetuam
1667 4008 1697 4068 in
1716 4005 1829 4069 eadem
1846 4005 1982 4067 ecclesia

425 4109 521 4175 Pozn.
546 4113 717 4193 possidens
740 4115 879 4198 aliquam
903 4115 1073 4178 ecclesiam
1096 4115 1331 4198 parrochialem
1355 4115 1523 4196 possidere
1540 4114 1681 4185 deberet,
1706 4113 1747 4174 de
1771 4132 1932 4175 consensu
1949 4121 1982 4173 et

424 4218 594 4283 voluntate
624 4222 755 4302 speciali
787 4223 923 4286 dnorum
955 4223 1153 4306 prelatorum
1186 4234 1219 4287 et
1251 4227 1479 4286 canonicorum
1512 4223 1596 4285 tollit
1622 4223 1653 4282 in
1676 4230 1748 4283 toto
1773 4229 1806 4282 et
1830 4219 1980 4304 cassavit,

425 4335 573 4390 statuens
597 4337 630 4391 et
653 4329 844 4406 admittens,
869 4331 958 4413 quod
982 4331 1023 4394 de
1046 4342 1155 4394 cetero
1179 4352 1295 4394 omnes
1319 4343 1352 4394 ct
1375 4329 1580 4412 singulariter
1604 4328 1721 4410 singuli
1744 4327 1829 4389 dicte
1849 4326 1985 4388 ecclesie

425 4431 523 4497 Pozn.
548 4435 655 4496 vicarii
678 4438 843 4518 perpetui,
868 4439 1021 4501 ecclesias
1046 4438 1281 4522 parrochiales,
1313 4439 1389 4500 dum
1414 4448 1447 4500 et
1470 4437 1754 4518 quocienscunque
1777 4434 1819 4496 ad
1845 4453 1899 4496 eas
1924 4452 1983 4514 po-

425 4542 522 4604 terint
547 4545 739 4622 promoveri,
765 4545 851 4608 licite
867 4555 1006 4628 possunt
1024 4545 1179 4624 obtinere,
1204 4545 1291 4608 dicto
1308 4555 1432 4608 statuto
1449 4564 1508 4625 per
1524 4541 1683 4624 prelatum
1700 4543 1799 4604 dnum
1815 4540 1983 4604 Andream

425 4647 532 4728 Epum
557 4647 653 4713 Pozn.
678 4651 811 4714 condito
835 4671 902 4714 non
925 4652 1088 4716 obstante.

639 4825 683 4890 A.
714 4843 812 4908 1429,
833 4829 905 4911 Julii
929 4832 965 4904 6,
990 4831 1021 4892 in
1045 4829 1189 4910 capitulo
1213 4829 1363 4910 generali.

532 4947 564 5015 9.
590 4950 625 5032 (I.
653 4953 703 5032 17)
728 4953 811 5016 Item
835 4954 953 5017 ibidem
978 4954 1070 5017 Rdus
1094 4955 1125 5016 in
1143 4953 1274 5017 Christo
1292 4963 1385 5036 pater
1401 4953 1484 5015 dnus
1501 4949 1681 5014 Stanislaus
1699 4949 1789 5031 Epus
1806 4947 1902 5012 Pozn.
1919 4967 1985 5009 ma-

425 5055 544 5137 gnifico
566 5061 635 5120 viro
659 5059 725 5122 dno
750 5060 908 5124 Czolkoni
924 5061 1162 5124 subcamerario
1179 5059 1432 5123 Sandomiriensi
1448 5059 1540 5122 villas
1557 5057 1742 5132 Kisszewo,
1766 5055 1982 5118 Laskarzewo

426 5175 459 5227 et
482 5163 635 5246 Chumyn
665 5169 697 5228 in
728 5168 873 5231 districtu
907 5167 1106 5230 Mazoviensi
1141 5169 1359 5230 consistentes
1384 5167 1424 5230 de
1455 5185 1617 5229 consensu
1650 5163 1790 5226 unanimi
1823 5163 1983 5224 dictorum

425 5270 625 5350 prelatorum
649 5283 682 5336 et
705 5274 935 5337 canonicorum
960 5295 1033 5338 cum
1057 5275 1147 5337 omni
1171 5275 1237 5337 inre
1260 5285 1293 5338 et
1317 5275 1460 5338 dominio
1491 5292 1618 5336 necnon
1643 5269 1804 5334 scolteciis
1828 5279 1862 5331 et
1885 5268 1985 5330 advo-

426 5379 523 5440 caciis
547 5379 588 5440 ad
612 5390 761 5461 tempora
784 5383 851 5446 vite
881 5383 981 5464 ipsius
1013 5381 1067 5444 dni
1098 5380 1273 5445 Czolkonis
1305 5382 1392 5446 dedit
1426 5393 1459 5444 et
1482 5380 1661 5462 assignavit
1691 5397 1764 5440 curn
1788 5375 1913 5448 effectu,
1938 5376 1983 5436 ita

426 5493 553 5560 tamen,
578 5483 690 5573 [quod]
715 5489 786 5570 ipse
810 5489 892 5551 dnus
916 5486 1096 5553 Stanislaus
1120 5489 1210 5570 Epus
1235 5488 1419 5560 facultatem
1444 5488 1665 5552 omnimodam
1690 5485 1793 5548 dictas
1809 5481 1986 5546 scoltecias

427 5601 460 5656 et
483 5593 676 5658 advocacias
700 5594 833 5658 habebit
857 5597 1030 5659 reemendi.
