<?xml version="1.0" encoding="UTF-8"?>
<!DOCTYPE html PUBLIC "-//W3C//DTD XHTML 1.0 Transitional//EN"
    "http://www.w3.org/TR/xhtml1/DTD/xhtml1-transitional.dtd">
<html xmlns="http://www.w3.org/1999/xhtml" xml:lang="en" lang="en">
 <head>
  <title>
</title>
<meta http-equiv="Content-Type" content="text/html;charset=utf-8" />
  <meta name='ocr-system' content='tesseract 3.04.00' />
  <meta name='ocr-capabilities' content='ocr_page ocr_carea ocr_par ocr_line ocrx_word'/>
</head>
<body>
  <div class='ocr_page' id='page_1' title='image "actacapitulorum00czubgoog_0049.png"; bbox 0 0 4458 6356; ppageno 0'>
   <div class='ocr_carea' id='block_1_1' title="bbox 818 592 1840 725">
    <p class='ocr_par' dir='ltr' id='par_1_1' title="bbox 818 592 1840 725">
     <span class='ocr_line' id='line_1_1' title="bbox 973 592 1837 683; baseline -0.001 -33"><span class='ocrx_word' id='word_1_1' title='bbox 973 599 1063 650; x_wconf 84' lang='lat' dir='ltr'><strong>ANNI</strong></span> <span class='ocrx_word' id='word_1_2' title='bbox 1083 592 1159 652; x_wconf 74' lang='lat'>1434.</span> <span class='ocrx_word' id='word_1_3' title='bbox 1800 613 1837 683; x_wconf 86' lang='lat'>31</span> 
     </span>
     <span class='ocr_line' id='line_1_2' title="bbox 818 691 1840 725; baseline -0.005 -26"><span class='ocrx_word' id='word_1_4' title='bbox 818 691 1840 725; x_wconf 34' lang='grc' dir='ltr'>ᾑ-ψ--ψ-Ἶ-ῃ</span> 
     </span>
    </p>
   </div>
   <div class='ocr_carea' id='block_1_2' title="bbox 501 810 1151 894">
    <p class='ocr_par' dir='ltr' id='par_1_2' title="bbox 501 810 1151 894">
     <span class='ocr_line' id='line_1_3' title="bbox 501 810 1151 894; baseline 0.006 -22"><span class='ocrx_word' id='word_1_5' title='bbox 501 810 543 872; x_wconf 95' lang='grc' dir='ltr'>Α.</span> <span class='ocrx_word' id='word_1_6' title='bbox 573 828 669 892; x_wconf 83' lang='grc'>1434,</span> <span class='ocrx_word' id='word_1_7' title='bbox 693 811 837 894; x_wconf 81' lang='lat' dir='ltr'>Augusti</span> <span class='ocrx_word' id='word_1_8' title='bbox 865 829 923 887; x_wconf 92' lang='lat'>10,</span> <span class='ocrx_word' id='word_1_9' title='bbox 945 813 976 874; x_wconf 91' lang='lat' dir='ltr'>in</span> <span class='ocrx_word' id='word_1_10' title='bbox 1001 812 1151 893; x_wconf 84' lang='lat' dir='ltr'>capitulo</span> 
     </span>
    </p>
   </div>
   <div class='ocr_carea' id='block_1_3' title="bbox 287 947 1843 1462">
    <p class='ocr_par' dir='ltr' id='par_1_3' title="bbox 287 947 1843 1462">
     <span class='ocr_line' id='line_1_4' title="bbox 394 947 1843 1036; baseline 0.002 -21"><span class='ocrx_word' id='word_1_11' title='bbox 394 947 477 1017; x_wconf 82' lang='lat'>149.</span> <span class='ocrx_word' id='word_1_12' title='bbox 505 952 541 1034; x_wconf 88' lang='grc' dir='ltr'>(Ι.</span> <span class='ocrx_word' id='word_1_13' title='bbox 572 951 702 1033; x_wconf 60' lang='grc'>1400)..</span> <span class='ocrx_word' id='word_1_14' title='bbox 728 953 792 1016; x_wconf 91' lang='lat' dir='ltr'>Dni</span> <span class='ocrx_word' id='word_1_15' title='bbox 817 1003 846 1017; x_wconf 92' lang='lat'>..</span> <span class='ocrx_word' id='word_1_16' title='bbox 870 955 985 1035; x_wconf 91' lang='lat' dir='ltr'>prelati</span> <span class='ocrx_word' id='word_1_17' title='bbox 1009 965 1043 1017; x_wconf 89' lang='lat' dir='ltr'>et</span> <span class='ocrx_word' id='word_1_18' title='bbox 1065 955 1252 1018; x_wconf 88' lang='lat' dir='ltr'>canonici..</span> <span class='ocrx_word' id='word_1_19' title='bbox 1278 955 1506 1029; x_wconf 90' lang='lat' dir='ltr'>decreverunt,</span> <span class='ocrx_word' id='word_1_20' title='bbox 1537 955 1627 1034; x_wconf 92' lang='lat' dir='ltr'>quod</span> <span class='ocrx_word' id='word_1_21' title='bbox 1657 965 1843 1036; x_wconf 90' lang='lat' dir='ltr'>procurato·</span> 
     </span>
     <span class='ocr_line' id='line_1_5' title="bbox 289 1059 1843 1143; baseline 0.006 -26"><span class='ocrx_word' id='word_1_22' title='bbox 289 1076 341 1118; x_wconf 89' lang='lat' dir='ltr'>res</span> <span class='ocrx_word' id='word_1_23' title='bbox 365 1059 495 1138; x_wconf 90' lang='lat' dir='ltr'>capituli</span> <span class='ocrx_word' id='word_1_24' title='bbox 525 1080 633 1122; x_wconf 89' lang='lat' dir='ltr'>vener.</span> <span class='ocrx_word' id='word_1_25' title='bbox 659 1061 724 1123; x_wconf 94' lang='lat' dir='ltr'>dno</span> <span class='ocrx_word' id='word_1_26' title='bbox 748 1059 889 1124; x_wconf 87' lang='lat' dir='ltr'>Alberto</span> <span class='ocrx_word' id='word_1_27' title='bbox 914 1061 954 1124; x_wconf 92' lang='lat' dir='ltr'>de</span> <span class='ocrx_word' id='word_1_28' title='bbox 981 1063 1165 1143; x_wconf 88' lang='lat' dir='ltr'>Jaroszewo</span> <span class='ocrx_word' id='word_1_29' title='bbox 1189 1083 1304 1125; x_wconf 91' lang='lat' dir='ltr'>canon.</span> <span class='ocrx_word' id='word_1_30' title='bbox 1328 1062 1424 1124; x_wconf 91' lang='lat' dir='ltr'>Pozn.</span> <span class='ocrx_word' id='word_1_31' title='bbox 1449 1063 1572 1126; x_wconf 92' lang='lat' dir='ltr'>dabunt</span> <span class='ocrx_word' id='word_1_32' title='bbox 1595 1063 1660 1126; x_wconf 90' lang='lat' dir='ltr'>XV</span> <span class='ocrx_word' id='word_1_33' title='bbox 1677 1083 1843 1126; x_wconf 89' lang='lat' dir='ltr'>marcas..</span> 
     </span>
     <span class='ocr_line' id='line_1_6' title="bbox 292 1167 1842 1250; baseline 0.003 -25"><span class='ocrx_word' id='word_1_34' title='bbox 292 1184 352 1243; x_wconf 92' lang='lat' dir='ltr'>pro</span> <span class='ocrx_word' id='word_1_35' title='bbox 376 1167 551 1228; x_wconf 91' lang='lat' dir='ltr'>emenda</span> <span class='ocrx_word' id='word_1_36' title='bbox 573 1168 785 1232; x_wconf 87' lang='lat' dir='ltr'>scultecia</span> <span class='ocrx_word' id='word_1_37' title='bbox 808 1168 841 1231; x_wconf 92' lang='lat' dir='ltr'>in</span> <span class='ocrx_word' id='word_1_38' title='bbox 865 1169 941 1232; x_wconf 90' lang='lat' dir='ltr'>villa</span> <span class='ocrx_word' id='word_1_39' title='bbox 965 1169 1156 1244; x_wconf 88' lang='lat' dir='ltr'>Paczcowo,</span> <span class='ocrx_word' id='word_1_40' title='bbox 1180 1171 1407 1249; x_wconf 84' lang='lat' dir='ltr'>decernentes,</span> <span class='ocrx_word' id='word_1_41' title='bbox 1432 1169 1520 1250; x_wconf 91' lang='lat' dir='ltr'>quod</span> <span class='ocrx_word' id='word_1_42' title='bbox 1543 1170 1613 1250; x_wconf 92' lang='lat' dir='ltr'>ipse</span> <span class='ocrx_word' id='word_1_43' title='bbox 1630 1169 1713 1232; x_wconf 92' lang='lat' dir='ltr'>dnus</span> <span class='ocrx_word' id='word_1_44' title='bbox 1729 1169 1842 1232; x_wconf 86' lang='lat' dir='ltr'>Alber-</span> 
     </span>
     <span class='ocr_line' id='line_1_7' title="bbox 288 1272 1842 1360; baseline 0.003 -27"><span class='ocrx_word' id='word_1_45' title='bbox 288 1281 340 1334; x_wconf 93' lang='lat' dir='ltr'>tus</span> <span class='ocrx_word' id='word_1_46' title='bbox 363 1272 606 1336; x_wconf 84' lang='lat' dir='ltr'>archidiaconus</span> <span class='ocrx_word' id='word_1_47' title='bbox 631 1275 757 1338; x_wconf 88' lang='lat' dir='ltr'>solvere</span> <span class='ocrx_word' id='word_1_48' title='bbox 781 1287 930 1338; x_wconf 89' lang='lat' dir='ltr'>teneatur</span> <span class='ocrx_word' id='word_1_49' title='bbox 962 1297 1058 1339; x_wconf 91' lang='lat' dir='ltr'>unam</span> <span class='ocrx_word' id='word_1_50' title='bbox 1082 1297 1281 1360; x_wconf 85' lang='lat' dir='ltr'>sexagenam</span> <span class='ocrx_word' id='word_1_51' title='bbox 1312 1277 1353 1339; x_wconf 91' lang='lat' dir='ltr'>ad</span> <span class='ocrx_word' id='word_1_52' title='bbox 1378 1277 1546 1358; x_wconf 88' lang='lat' dir='ltr'>quodlibet</span> <span class='ocrx_word' id='word_1_53' title='bbox 1570 1277 1688 1339; x_wconf 82' lang='lat' dir='ltr'>festum</span> <span class='ocrx_word' id='word_1_54' title='bbox 1712 1297 1737 1343; x_wconf 92' lang='lat' dir='ltr'>s.</span> <span class='ocrx_word' id='word_1_55' title='bbox 1762 1278 1842 1339; x_wconf 89' lang='lat' dir='ltr'>Mar·</span> 
     </span>
     <span class='ocr_line' id='line_1_8' title="bbox 287 1377 627 1462; baseline 0.015 -22"><span class='ocrx_word' id='word_1_56' title='bbox 287 1377 344 1440; x_wconf 89' lang='lat' dir='ltr'>tini</span> <span class='ocrx_word' id='word_1_57' title='bbox 367 1379 502 1462; x_wconf 84' lang='lat' dir='ltr'>singulis</span> <span class='ocrx_word' id='word_1_58' title='bbox 526 1382 627 1445; x_wconf 92' lang='lat' dir='ltr'>annis.</span> 
     </span>
    </p>
   </div>
   <div class='ocr_carea' id='block_1_4' title="bbox 499 1545 1196 1678">
    <p class='ocr_par' dir='ltr' id='par_1_4' title="bbox 499 1545 1196 1678">
     <span class='ocr_line' id='line_1_9' title="bbox 499 1545 1196 1678; baseline 0.003 -22"><span class='ocrx_word' id='word_1_59' title='bbox 499 1593 542 1659; x_wconf 90' lang='lat' dir='ltr'>A.</span> <span class='ocrx_word' id='word_1_60' title='bbox 571 1611 667 1675; x_wconf 90' lang='lat'>1434,</span> <span class='ocrx_word' id='word_1_61' title='bbox 692 1595 836 1678; x_wconf 83' lang='lat' dir='ltr'>Augusti</span> <span class='ocrx_word' id='word_1_62' title='bbox 865 1611 918 1676; x_wconf 90' lang='lat'>17,</span> <span class='ocrx_word' id='word_1_63' title='bbox 943 1596 974 1657; x_wconf 93' lang='lat' dir='ltr'>in</span> <span class='ocrx_word' id='word_1_64' title='bbox 999 1596 1151 1678; x_wconf 88' lang='lat' dir='ltr'>capitulo.</span> <span class='ocrx_word' id='word_1_65' title='bbox 1193 1545 1196 1550; x_wconf 25' lang='grc' dir='ltr'>Ι</span> 
     </span>
    </p>
   </div>
   <div class='ocr_carea' id='block_1_5' title="bbox 210 1731 1908 3210">
    <p class='ocr_par' dir='ltr' id='par_1_5' title="bbox 210 1731 1908 3210">
     <span class='ocr_line' id='line_1_10' title="bbox 397 1731 1840 1819; baseline 0 -21"><span class='ocrx_word' id='word_1_66' title='bbox 397 1731 480 1800; x_wconf 88' lang='grc'>150.</span> <span class='ocrx_word' id='word_1_67' title='bbox 505 1735 537 1817; x_wconf 90' lang='grc' dir='ltr'>(Ι.</span> <span class='ocrx_word' id='word_1_68' title='bbox 567 1737 655 1818; x_wconf 82' lang='lat'>141⁰)</span> <span class='ocrx_word' id='word_1_69' title='bbox 691 1737 771 1800; x_wconf 90' lang='lat' dir='ltr'>Item</span> <span class='ocrx_word' id='word_1_70' title='bbox 796 1737 915 1800; x_wconf 90' lang='lat' dir='ltr'>ibidem</span> <span class='ocrx_word' id='word_1_71' title='bbox 939 1738 993 1800; x_wconf 93' lang='lat' dir='ltr'>dni</span> <span class='ocrx_word' id='word_1_72' title='bbox 1017 1738 1133 1819; x_wconf 90' lang='lat' dir='ltr'>prelati</span> <span class='ocrx_word' id='word_1_73' title='bbox 1164 1749 1196 1800; x_wconf 91' lang='lat' dir='ltr'>et</span> <span class='ocrx_word' id='word_1_74' title='bbox 1220 1737 1367 1799; x_wconf 85' lang='lat' dir='ltr'>canonici</span> <span class='ocrx_word' id='word_1_75' title='bbox 1399 1736 1606 1799; x_wconf 85' lang='lat' dir='ltr'>concordiam</span> <span class='ocrx_word' id='word_1_76' title='bbox 1638 1735 1840 1798; x_wconf 86' lang='lat' dir='ltr'>amicabilem</span> 
     </span>
     <span class='ocr_line' id='line_1_11' title="bbox 285 1837 1908 1928; baseline 0.004 -29"><span class='ocrx_word' id='word_1_77' title='bbox 285 1837 368 1901; x_wconf 89' lang='lat' dir='ltr'>inter</span> <span class='ocrx_word' id='word_1_78' title='bbox 391 1840 503 1906; x_wconf 91' lang='lat' dir='ltr'>honor.</span> <span class='ocrx_word' id='word_1_79' title='bbox 527 1844 615 1906; x_wconf 91' lang='lat' dir='ltr'>viros</span> <span class='ocrx_word' id='word_1_80' title='bbox 639 1844 721 1907; x_wconf 92' lang='lat' dir='ltr'>dnos</span> <span class='ocrx_word' id='word_1_81' title='bbox 745 1844 917 1907; x_wconf 88' lang='lat' dir='ltr'>Nicolaum</span> <span class='ocrx_word' id='word_1_82' title='bbox 942 1845 1165 1928; x_wconf 82' lang='lat' dir='ltr'>scolasticum,</span> <span class='ocrx_word' id='word_1_83' title='bbox 1189 1843 1363 1906; x_wconf 87' lang='lat' dir='ltr'>Albertum</span> <span class='ocrx_word' id='word_1_84' title='bbox 1388 1845 1428 1905; x_wconf 92' lang='lat' dir='ltr'>de</span> <span class='ocrx_word' id='word_1_85' title='bbox 1448 1844 1632 1923; x_wconf 87' lang='lat' dir='ltr'>Jaroszewo</span> <span class='ocrx_word' id='word_1_86' title='bbox 1649 1843 1841 1912; x_wconf 89' lang='lat' dir='ltr'>archidiaco·</span> <span class='ocrx_word' id='word_1_87' title='bbox 1904 1848 1908 1857; x_wconf 91' lang='lat'>&#39;</span> 
     </span>
     <span class='ocr_line' id='line_1_12' title="bbox 285 1935 1840 2033; baseline 0.003 -26"><span class='ocrx_word' id='word_1_88' title='bbox 285 1965 362 2008; x_wconf 91' lang='lat' dir='ltr'>num</span> <span class='ocrx_word' id='word_1_89' title='bbox 391 1947 632 2024; x_wconf 86' lang='lat' dir='ltr'>Pczewensem,</span> <span class='ocrx_word' id='word_1_90' title='bbox 667 1951 843 2014; x_wconf 87' lang='lat' dir='ltr'>Hectorem</span> <span class='ocrx_word' id='word_1_91' title='bbox 880 1956 1081 2033; x_wconf 87' lang='lat' dir='ltr'>prepositum</span> <span class='ocrx_word' id='word_1_92' title='bbox 1118 1949 1403 2025; x_wconf 88' lang='lat' dir='ltr'>Gluschinensem,</span> <span class='ocrx_word' id='word_1_93' title='bbox 1425 1935 1608 2013; x_wconf 34' lang='lat' dir='ltr'>‘Nicolaum</span> <span class='ocrx_word' id='word_1_94' title='bbox 1644 1949 1840 2028; x_wconf 86' lang='lat' dir='ltr'>Lanthman,</span> 
     </span>
     <span class='ocr_line' id='line_1_13' title="bbox 282 2051 1839 2131; baseline 0.004 -18"><span class='ocrx_word' id='word_1_95' title='bbox 282 2051 461 2131; x_wconf 87' lang='lat' dir='ltr'>Johannem</span> <span class='ocrx_word' id='word_1_96' title='bbox 484 2055 512 2118; x_wconf 91' lang='lat' dir='ltr'>F</span> <span class='ocrx_word' id='word_1_97' title='bbox 515 2077 627 2119; x_wconf 89' lang='lat' dir='ltr'>urman</span> <span class='ocrx_word' id='word_1_98' title='bbox 651 2068 684 2120; x_wconf 91' lang='lat' dir='ltr'>et</span> <span class='ocrx_word' id='word_1_99' title='bbox 707 2059 863 2122; x_wconf 86' lang='lat' dir='ltr'>Mathiam</span> <span class='ocrx_word' id='word_1_100' title='bbox 888 2059 928 2120; x_wconf 93' lang='lat' dir='ltr'>de</span> <span class='ocrx_word' id='word_1_101' title='bbox 953 2058 1124 2130; x_wconf 86' lang='lat' dir='ltr'>Tarnowo,</span> <span class='ocrx_word' id='word_1_102' title='bbox 1149 2057 1190 2119; x_wconf 89' lang='lat' dir='ltr'>ab</span> <span class='ocrx_word' id='word_1_103' title='bbox 1215 2078 1292 2130; x_wconf 88' lang='lat' dir='ltr'>una,</span> <span class='ocrx_word' id='word_1_104' title='bbox 1317 2068 1350 2120; x_wconf 91' lang='lat' dir='ltr'>et</span> <span class='ocrx_word' id='word_1_105' title='bbox 1374 2057 1487 2119; x_wconf 90' lang='lat' dir='ltr'>honor.</span> <span class='ocrx_word' id='word_1_106' title='bbox 1514 2057 1613 2120; x_wconf 92' lang='lat' dir='ltr'>dnum</span> <span class='ocrx_word' id='word_1_107' title='bbox 1637 2056 1839 2121; x_wconf 88' lang='lat' dir='ltr'>Clementem</span> 
     </span>
     <span class='ocr_line' id='line_1_14' title="bbox 287 2161 1840 2246; baseline 0.003 -23"><span class='ocrx_word' id='word_1_108' title='bbox 287 2162 327 2223; x_wconf 91' lang='lat' dir='ltr'>de</span> <span class='ocrx_word' id='word_1_109' title='bbox 350 2161 532 2226; x_wconf 88' lang='lat' dir='ltr'>Drzewicza</span> <span class='ocrx_word' id='word_1_110' title='bbox 557 2164 725 2226; x_wconf 84' lang='lat' dir='ltr'>officialem</span> <span class='ocrx_word' id='word_1_111' title='bbox 749 2165 888 2228; x_wconf 89' lang='lat' dir='ltr'>Poznan.</span> <span class='ocrx_word' id='word_1_112' title='bbox 913 2187 955 2228; x_wconf 86' lang='lat' dir='ltr'>ex</span> <span class='ocrx_word' id='word_1_113' title='bbox 978 2165 1039 2227; x_wconf 89' lang='lat' dir='ltr'>alia</span> <span class='ocrx_word' id='word_1_114' title='bbox 1063 2165 1217 2245; x_wconf 90' lang='lat' dir='ltr'>partibus,</span> <span class='ocrx_word' id='word_1_115' title='bbox 1237 2164 1282 2226; x_wconf 83' lang='grc'>’110</span> <span class='ocrx_word' id='word_1_116' title='bbox 1306 2174 1339 2226; x_wconf 87' lang='grc'>01</span> <span class='ocrx_word' id='word_1_117' title='bbox 1356 2184 1453 2245; x_wconf 90' lang='lat' dir='ltr'>super</span> <span class='ocrx_word' id='word_1_118' title='bbox 1476 2165 1668 2246; x_wconf 91' lang='lat' dir='ltr'>quibusdam</span> <span class='ocrx_word' id='word_1_119' title='bbox 1685 2174 1840 2245; x_wconf 89' lang='lat' dir='ltr'>protesta-</span> 
     </span>
     <span class='ocr_line' id='line_1_15' title="bbox 286 2263 1840 2352; baseline 0.001 -22"><span class='ocrx_word' id='word_1_120' title='bbox 286 2269 432 2332; x_wconf 80' lang='lat' dir='ltr'>tionibus</span> <span class='ocrx_word' id='word_1_121' title='bbox 454 2290 513 2350; x_wconf 89' lang='lat' dir='ltr'>per</span> <span class='ocrx_word' id='word_1_122' title='bbox 537 2271 695 2351; x_wconf 87' lang='lat' dir='ltr'>prelatum</span> <span class='ocrx_word' id='word_1_123' title='bbox 720 2272 818 2335; x_wconf 94' lang='lat' dir='ltr'>dnum</span> <span class='ocrx_word' id='word_1_124' title='bbox 843 2263 1044 2336; x_wconf 86' lang='lat' dir='ltr'>Clementem</span> <span class='ocrx_word' id='word_1_125' title='bbox 1062 2271 1230 2333; x_wconf 84' lang='lat' dir='ltr'>officialem</span> <span class='ocrx_word' id='word_1_126' title='bbox 1255 2292 1314 2352; x_wconf 91' lang='lat' dir='ltr'>pro</span> <span class='ocrx_word' id='word_1_127' title='bbox 1339 2272 1660 2335; x_wconf 89' lang='lat' dir='ltr'>conventiculis</span> <span class='ocrx_word' id='word_1_128' title='bbox 1684 2272 1840 2352; x_wconf 89' lang='lat' dir='ltr'>specia-</span> 
     </span>
     <span class='ocr_line' id='line_1_16' title="bbox 286 2375 1841 2460; baseline 0.001 -24"><span class='ocrx_word' id='word_1_129' title='bbox 286 2375 395 2438; x_wconf 92' lang='lat' dir='ltr'>libus</span> <span class='ocrx_word' id='word_1_130' title='bbox 419 2377 450 2438; x_wconf 92' lang='lat' dir='ltr'>in</span> <span class='ocrx_word' id='word_1_131' title='bbox 474 2377 573 2439; x_wconf 93' lang='lat' dir='ltr'>domo</span> <span class='ocrx_word' id='word_1_132' title='bbox 597 2378 651 2440; x_wconf 94' lang='lat' dir='ltr'>dni</span> <span class='ocrx_word' id='word_1_133' title='bbox 675 2379 805 2442; x_wconf 88' lang='lat' dir='ltr'>Alberti</span> <span class='ocrx_word' id='word_1_134' title='bbox 824 2379 1053 2460; x_wconf 81' lang='lat' dir='ltr'>Jaroszewslri,</span> <span class='ocrx_word' id='word_1_135' title='bbox 1078 2389 1175 2458; x_wconf 93' lang='lat' dir='ltr'>prout</span> <span class='ocrx_word' id='word_1_136' title='bbox 1199 2377 1411 2450; x_wconf 89' lang='lat' dir='ltr'>asserebatur,</span> <span class='ocrx_word' id='word_1_137' title='bbox 1436 2377 1530 2440; x_wconf 86' lang='lat' dir='ltr'>factis</span> <span class='ocrx_word' id='word_1_138' title='bbox 1553 2378 1712 2448; x_wconf 83' lang='lat' dir='ltr'>fecerunt,</span> <span class='ocrx_word' id='word_1_139' title='bbox 1737 2377 1841 2439; x_wconf 88' lang='lat' dir='ltr'>decer·</span> 
     </span>
     <span class='ocr_line' id='line_1_17' title="bbox 286 2484 1841 2566; baseline 0.001 -23"><span class='ocrx_word' id='word_1_140' title='bbox 286 2493 416 2558; x_wconf 88' lang='lat' dir='ltr'>nentes,</span> <span class='ocrx_word' id='word_1_141' title='bbox 441 2484 530 2564; x_wconf 95' lang='lat' dir='ltr'>quod</span> <span class='ocrx_word' id='word_1_142' title='bbox 555 2485 640 2548; x_wconf 90' lang='lat' dir='ltr'>dicte</span> <span class='ocrx_word' id='word_1_143' title='bbox 664 2496 773 2566; x_wconf 89' lang='lat' dir='ltr'>partes</span> <span class='ocrx_word' id='word_1_144' title='bbox 796 2486 946 2548; x_wconf 91' lang='lat' dir='ltr'>hincinde</span> <span class='ocrx_word' id='word_1_145' title='bbox 969 2486 1183 2548; x_wconf 86' lang='lat' dir='ltr'>sibiinvicem</span> <span class='ocrx_word' id='word_1_146' title='bbox 1208 2484 1409 2546; x_wconf 86' lang='lat' dir='ltr'>reconciliari</span> <span class='ocrx_word' id='word_1_147' title='bbox 1434 2484 1630 2562; x_wconf 90' lang='lat' dir='ltr'>debuerunt;</span> <span class='ocrx_word' id='word_1_148' title='bbox 1655 2484 1841 2566; x_wconf 89' lang='lat' dir='ltr'>quiquidem</span> 
     </span>
     <span class='ocr_line' id='line_1_18' title="bbox 286 2588 1842 2674; baseline 0.002 -24"><span class='ocrx_word' id='word_1_149' title='bbox 286 2588 339 2650; x_wconf 93' lang='lat' dir='ltr'>dni</span> <span class='ocrx_word' id='word_1_150' title='bbox 364 2588 402 2650; x_wconf 94' lang='lat' dir='ltr'>N.</span> <span class='ocrx_word' id='word_1_151' title='bbox 426 2591 630 2666; x_wconf 83' lang='lat' dir='ltr'>scolasticus,</span> <span class='ocrx_word' id='word_1_152' title='bbox 654 2591 812 2656; x_wconf 88' lang='lat' dir='ltr'>Albertus</span> <span class='ocrx_word' id='word_1_153' title='bbox 835 2593 1094 2665; x_wconf 60' lang='lat' dir='ltr'>archidiaconus</span> <span class='ocrx_word' id='word_1_154' title='bbox 1118 2592 1243 2656; x_wconf 90' lang='lat' dir='ltr'>Hector</span> <span class='ocrx_word' id='word_1_155' title='bbox 1259 2593 1461 2674; x_wconf 78' lang='lat' dir='ltr'>preposituS,</span> <span class='ocrx_word' id='word_1_156' title='bbox 1485 2591 1655 2667; x_wconf 88' lang='lat' dir='ltr'>Nicolaus‚</span> <span class='ocrx_word' id='word_1_157' title='bbox 1676 2591 1842 2672; x_wconf 90' lang='lat' dir='ltr'>Johannes</span> 
     </span>
     <span class='ocr_line' id='line_1_19' title="bbox 286 2695 1841 2780; baseline 0.002 -23"><span class='ocrx_word' id='word_1_158' title='bbox 286 2706 319 2759; x_wconf 92' lang='lat' dir='ltr'>et</span> <span class='ocrx_word' id='word_1_159' title='bbox 342 2695 496 2771; x_wconf 90' lang='lat' dir='ltr'>Mathias,</span> <span class='ocrx_word' id='word_1_160' title='bbox 521 2719 559 2760; x_wconf 91' lang='lat' dir='ltr'>ac</span> <span class='ocrx_word' id='word_1_161' title='bbox 583 2698 726 2780; x_wconf 87' lang='lat' dir='ltr'>prefatus</span> <span class='ocrx_word' id='word_1_162' title='bbox 750 2700 833 2763; x_wconf 93' lang='lat' dir='ltr'>dnus</span> <span class='ocrx_word' id='word_1_163' title='bbox 858 2699 1009 2764; x_wconf 91' lang='lat' dir='ltr'>Clemens</span> <span class='ocrx_word' id='word_1_164' title='bbox 1041 2698 1184 2762; x_wconf 83' lang='lat' dir='ltr'>officialis</span> <span class='ocrx_word' id='word_1_165' title='bbox 1208 2700 1286 2780; x_wconf 92' lang='lat' dir='ltr'>ipsis</span> <span class='ocrx_word' id='word_1_166' title='bbox 1310 2699 1429 2761; x_wconf 90' lang='lat' dir='ltr'>ibidem</span> <span class='ocrx_word' id='word_1_167' title='bbox 1453 2699 1742 2761; x_wconf 91' lang='lat' dir='ltr'>reconciliaconem</span> <span class='ocrx_word' id='word_1_168' title='bbox 1767 2699 1841 2760; x_wconf 91' lang='lat' dir='ltr'>invi·</span> 
     </span>
     <span class='ocr_line' id='line_1_20' title="bbox 210 2803 1841 2900; baseline 0.002 -36"><span class='ocrx_word' id='word_1_169' title='bbox 210 2891 215 2900; x_wconf 94' lang='lat'>.</span> <span class='ocrx_word' id='word_1_170' title='bbox 286 2823 355 2865; x_wconf 91' lang='lat' dir='ltr'>cem</span> <span class='ocrx_word' id='word_1_171' title='bbox 380 2803 537 2882; x_wconf 87' lang='lat' dir='ltr'>lecerunt,</span> <span class='ocrx_word' id='word_1_172' title='bbox 573 2818 606 2869; x_wconf 92' lang='lat' dir='ltr'>et</span> <span class='ocrx_word' id='word_1_173' title='bbox 630 2809 661 2868; x_wconf 91' lang='lat' dir='ltr'>in</span> <span class='ocrx_word' id='word_1_174' title='bbox 685 2809 814 2888; x_wconf 85' lang='lat' dir='ltr'>signum</span> <span class='ocrx_word' id='word_1_175' title='bbox 843 2807 987 2869; x_wconf 88' lang='lat' dir='ltr'>amicicie</span> <span class='ocrx_word' id='word_1_176' title='bbox 1021 2826 1134 2869; x_wconf 89' lang='lat' dir='ltr'>manus</span> <span class='ocrx_word' id='word_1_177' title='bbox 1166 2805 1317 2869; x_wconf 90' lang='lat' dir='ltr'>hincinde</span> <span class='ocrx_word' id='word_1_178' title='bbox 1340 2807 1419 2886; x_wconf 88' lang='lat' dir='ltr'>ipsis</span> <span class='ocrx_word' id='word_1_179' title='bbox 1443 2806 1631 2868; x_wconf 78' lang='lat' dir='ltr'>dederunt·</span> <span class='ocrx_word' id='word_1_180' title='bbox 1655 2805 1699 2868; x_wconf 87' lang='lat' dir='ltr'>Et</span> <span class='ocrx_word' id='word_1_181' title='bbox 1722 2804 1841 2868; x_wconf 91' lang='lat' dir='ltr'>ibidem</span> 
     </span>
     <span class='ocr_line' id='line_1_21' title="bbox 285 2911 1838 2995; baseline 0.001 -23"><span class='ocrx_word' id='word_1_182' title='bbox 285 2930 364 2974; x_wconf 87' lang='lat' dir='ltr'>mox</span> <span class='ocrx_word' id='word_1_183' title='bbox 386 2923 420 2974; x_wconf 90' lang='grc'>01</span> <span class='ocrx_word' id='word_1_184' title='bbox 443 2915 552 2976; x_wconf 90' lang='lat' dir='ltr'>statim</span> <span class='ocrx_word' id='word_1_185' title='bbox 576 2916 747 2995; x_wconf 91' lang='lat' dir='ltr'>prescripti</span> <span class='ocrx_word' id='word_1_186' title='bbox 771 2914 824 2976; x_wconf 94' lang='lat' dir='ltr'>dni</span> <span class='ocrx_word' id='word_1_187' title='bbox 848 2913 963 2995; x_wconf 89' lang='lat' dir='ltr'>prelati</span> <span class='ocrx_word' id='word_1_188' title='bbox 979 2924 1012 2976; x_wconf 94' lang='lat' dir='ltr'>et</span> <span class='ocrx_word' id='word_1_189' title='bbox 1028 2915 1174 2975; x_wconf 89' lang='lat' dir='ltr'>canonici</span> <span class='ocrx_word' id='word_1_190' title='bbox 1197 2913 1559 2976; x_wconf 87' lang='lat' dir='ltr'>reconciliacione</span> <span class='ocrx_word' id='word_1_191' title='bbox 1582 2912 1637 2974; x_wconf 92' lang='lat' dir='ltr'>dni</span> <span class='ocrx_word' id='word_1_192' title='bbox 1661 2911 1838 2974; x_wconf 89' lang='lat' dir='ltr'>Clementis</span> 
     </span>
     <span class='ocr_line' id='line_1_22' title="bbox 285 3017 1840 3103; baseline 0.001 -24"><span class='ocrx_word' id='word_1_193' title='bbox 285 3017 429 3082; x_wconf 87' lang='grc'>0111010113</span> <span class='ocrx_word' id='word_1_194' title='bbox 452 3022 521 3083; x_wconf 87' lang='lat' dir='ltr'>visa</span> <span class='ocrx_word' id='word_1_195' title='bbox 545 3031 579 3084; x_wconf 93' lang='lat' dir='ltr'>et</span> <span class='ocrx_word' id='word_1_196' title='bbox 601 3022 724 3095; x_wconf 86' lang='lat' dir='ltr'>audita,</span> <span class='ocrx_word' id='word_1_197' title='bbox 757 3042 857 3103; x_wconf 89' lang='lat' dir='ltr'>panes</span> <span class='ocrx_word' id='word_1_198' title='bbox 886 3031 1032 3084; x_wconf 89' lang='lat' dir='ltr'>retentos</span> <span class='ocrx_word' id='word_1_199' title='bbox 1064 3041 1123 3102; x_wconf 93' lang='lat' dir='ltr'>per</span> <span class='ocrx_word' id='word_1_200' title='bbox 1146 3031 1374 3101; x_wconf 89' lang='lat' dir='ltr'>procuratores</span> <span class='ocrx_word' id='word_1_201' title='bbox 1399 3020 1531 3101; x_wconf 91' lang='lat' dir='ltr'>capituli</span> <span class='ocrx_word' id='word_1_202' title='bbox 1554 3019 1615 3082; x_wconf 91' lang='lat' dir='ltr'>sibi</span> <span class='ocrx_word' id='word_1_203' title='bbox 1639 3018 1766 3082; x_wconf 89' lang='lat' dir='ltr'>dandos</span> <span class='ocrx_word' id='word_1_204' title='bbox 1789 3019 1840 3081; x_wconf 93' lang='lat' dir='ltr'>de·</span> 
     </span>
     <span class='ocr_line' id='line_1_23' title="bbox 286 3127 1413 3210; baseline 0.004 -24"><span class='ocrx_word' id='word_1_205' title='bbox 286 3137 469 3202; x_wconf 88' lang='lat' dir='ltr'>creverunt,</span> <span class='ocrx_word' id='word_1_206' title='bbox 494 3139 527 3191; x_wconf 88' lang='lat' dir='ltr'>et</span> <span class='ocrx_word' id='word_1_207' title='bbox 550 3149 569 3190; x_wconf 92' lang='lat' dir='ltr'>a</span> <span class='ocrx_word' id='word_1_208' title='bbox 593 3131 806 3210; x_wconf 88' lang='lat' dir='ltr'>suspensione</span> <span class='ocrx_word' id='word_1_209' title='bbox 828 3130 870 3190; x_wconf 90' lang='lat' dir='ltr'>ab</span> <span class='ocrx_word' id='word_1_210' title='bbox 894 3130 1042 3210; x_wconf 85' lang='lat' dir='ltr'>ingressu</span> <span class='ocrx_word' id='word_1_211' title='bbox 1065 3127 1196 3209; x_wconf 89' lang='lat' dir='ltr'>capituli</span> <span class='ocrx_word' id='word_1_212' title='bbox 1219 3128 1413 3190; x_wconf 86' lang='lat' dir='ltr'>relaxarunt.</span> 
     </span>
    </p>
   </div>
   <div class='ocr_carea' id='block_1_6' title="bbox 284 3248 1840 3681">
    <p class='ocr_par' dir='ltr' id='par_1_6' title="bbox 284 3248 1840 3681">
     <span class='ocr_line' id='line_1_24' title="bbox 395 3248 1840 3334; baseline -0.003 -17"><span class='ocrx_word' id='word_1_213' title='bbox 395 3248 481 3317; x_wconf 83' lang='lat'>151.</span> <span class='ocrx_word' id='word_1_214' title='bbox 517 3252 619 3334; x_wconf 82' lang='lat' dir='ltr'>(lbid.)</span> <span class='ocrx_word' id='word_1_215' title='bbox 656 3253 737 3316; x_wconf 90' lang='lat' dir='ltr'>Item</span> <span class='ocrx_word' id='word_1_216' title='bbox 773 3253 891 3316; x_wconf 91' lang='lat' dir='ltr'>ibidem</span> <span class='ocrx_word' id='word_1_217' title='bbox 926 3273 1034 3316; x_wconf 90' lang='lat' dir='ltr'>vener.</span> <span class='ocrx_word' id='word_1_218' title='bbox 1069 3251 1152 3314; x_wconf 89' lang='lat' dir='ltr'>dnus</span> <span class='ocrx_word' id='word_1_219' title='bbox 1187 3251 1387 3332; x_wconf 88' lang='lat' dir='ltr'>Predvogius</span> <span class='ocrx_word' id='word_1_220' title='bbox 1423 3249 1464 3311; x_wconf 89' lang='lat' dir='ltr'>de</span> <span class='ocrx_word' id='word_1_221' title='bbox 1498 3249 1620 3312; x_wconf 90' lang='lat' dir='ltr'>Grandi</span> <span class='ocrx_word' id='word_1_222' title='bbox 1654 3252 1840 3332; x_wconf 89' lang='lat' dir='ltr'>prepositus</span> 
     </span>
     <span class='ocr_line' id='line_1_25' title="bbox 285 3355 1839 3442; baseline -0.002 -22"><span class='ocrx_word' id='word_1_223' title='bbox 285 3355 406 3420; x_wconf 84' lang='lat' dir='ltr'>Gnezn.</span> <span class='ocrx_word' id='word_1_224' title='bbox 428 3359 594 3422; x_wconf 89' lang='lat' dir='ltr'>consessus</span> <span class='ocrx_word' id='word_1_225' title='bbox 618 3369 668 3424; x_wconf 88' lang='lat' dir='ltr'>est</span> <span class='ocrx_word' id='word_1_226' title='bbox 691 3381 750 3441; x_wconf 90' lang='lat' dir='ltr'>per</span> <span class='ocrx_word' id='word_1_227' title='bbox 773 3380 979 3439; x_wconf 85' lang='lat' dir='ltr'>expressum,</span> <span class='ocrx_word' id='word_1_228' title='bbox 1004 3360 1079 3442; x_wconf 87' lang='lat' dir='ltr'>quia</span> <span class='ocrx_word' id='word_1_229' title='bbox 1102 3357 1216 3421; x_wconf 93' lang='lat' dir='ltr'>honor.</span> <span class='ocrx_word' id='word_1_230' title='bbox 1242 3359 1307 3420; x_wconf 90' lang='lat' dir='ltr'>dno</span> <span class='ocrx_word' id='word_1_231' title='bbox 1332 3357 1492 3420; x_wconf 88' lang='lat' dir='ltr'>Clementi</span> <span class='ocrx_word' id='word_1_232' title='bbox 1516 3356 1556 3418; x_wconf 92' lang='lat' dir='ltr'>de</span> <span class='ocrx_word' id='word_1_233' title='bbox 1574 3357 1758 3418; x_wconf 89' lang='lat' dir='ltr'>Drzewicza</span> <span class='ocrx_word' id='word_1_234' title='bbox 1774 3355 1839 3418; x_wconf 84' lang='lat' dir='ltr'>&#39;offi-</span> 
     </span>
     <span class='ocr_line' id='line_1_26' title="bbox 287 3463 1840 3548; baseline 0.001 -23"><span class='ocrx_word' id='word_1_235' title='bbox 287 3464 357 3527; x_wconf 92' lang='lat' dir='ltr'>ciali</span> <span class='ocrx_word' id='word_1_236' title='bbox 391 3465 603 3530; x_wconf 90' lang='lat' dir='ltr'>Poznaniensi</span> <span class='ocrx_word' id='word_1_237' title='bbox 638 3487 779 3548; x_wconf 88' lang='lat' dir='ltr'>pannum</span> <span class='ocrx_word' id='word_1_238' title='bbox 814 3487 928 3540; x_wconf 91' lang='lat' dir='ltr'>unum,</span> <span class='ocrx_word' id='word_1_239' title='bbox 969 3467 1047 3529; x_wconf 89' lang='lat' dir='ltr'>alias</span> <span class='ocrx_word' id='word_1_240' title='bbox 1075 3475 1292 3546; x_wconf 76' lang='lat' dir='ltr'>postawyeca,</span> <span class='ocrx_word' id='word_1_241' title='bbox 1327 3465 1411 3526; x_wconf 91' lang='lat' dir='ltr'>circa</span> <span class='ocrx_word' id='word_1_242' title='bbox 1445 3484 1564 3545; x_wconf 90' lang='lat' dir='ltr'>corpus</span> <span class='ocrx_word' id='word_1_243' title='bbox 1593 3463 1760 3544; x_wconf 88' lang='lat' dir='ltr'>prebende</span> <span class='ocrx_word' id='word_1_244' title='bbox 1783 3483 1840 3526; x_wconf 90' lang='lat' dir='ltr'>sue</span> 
     </span>
     <span class='ocr_line' id='line_1_27' title="bbox 284 3573 1839 3681; baseline 0 -46"><span class='ocrx_word' id='word_1_245' title='bbox 284 3573 380 3681; x_wconf 61' lang='lat' dir='ltr'>Poqn.</span> <span class='ocrx_word' id='word_1_246' title='bbox 405 3573 584 3650; x_wconf 88' lang='lat' dir='ltr'>defalcavit,</span> <span class='ocrx_word' id='word_1_247' title='bbox 607 3575 756 3638; x_wconf 90' lang='lat' dir='ltr'>videlicet</span> <span class='ocrx_word' id='word_1_248' title='bbox 779 3573 826 3637; x_wconf 91' lang='lat' dir='ltr'>VI</span> <span class='ocrx_word' id='word_1_249' title='bbox 849 3594 984 3636; x_wconf 82' lang='lat' dir='ltr'>marcas</span> <span class='ocrx_word' id='word_1_250' title='bbox 1640 3575 1643 3582; x_wconf 80' lang='grc'>’</span> <span class='ocrx_word' id='word_1_251' title='bbox 1837 3577 1839 3583; x_wconf 60' lang='lat'><strong>⁴</strong></span> 
     </span>
    </p>
   </div>
   <div class='ocr_carea' id='block_1_7' title="bbox 497 3793 1187 3882">
    <p class='ocr_par' dir='ltr' id='par_1_7' title="bbox 497 3793 1187 3882">
     <span class='ocr_line' id='line_1_28' title="bbox 497 3793 1187 3882; baseline -0.003 -25"><span class='ocrx_word' id='word_1_252' title='bbox 497 3795 541 3859; x_wconf 90' lang='lat' dir='ltr'>A.</span> <span class='ocrx_word' id='word_1_253' title='bbox 571 3812 668 3882; x_wconf 81' lang='lat'>1434,</span> <span class='ocrx_word' id='word_1_254' title='bbox 693 3795 896 3878; x_wconf 88' lang='lat' dir='ltr'>Septembris</span> <span class='ocrx_word' id='word_1_255' title='bbox 920 3813 954 3870; x_wconf 89' lang='lat'>2,</span> <span class='ocrx_word' id='word_1_256' title='bbox 981 3795 1012 3856; x_wconf 94' lang='lat' dir='ltr'>in</span> <span class='ocrx_word' id='word_1_257' title='bbox 1037 3793 1187 3876; x_wconf 82' lang='lat' dir='ltr'>capitulo</span> 
     </span>
    </p>
   </div>
   <div class='ocr_carea' id='block_1_8' title="bbox 275 3929 1839 4450">
    <p class='ocr_par' dir='ltr' id='par_1_8' title="bbox 275 3929 1839 4450">
     <span class='ocr_line' id='line_1_29' title="bbox 391 3929 1838 4021; baseline -0.005 -18"><span class='ocrx_word' id='word_1_258' title='bbox 391 3935 476 4004; x_wconf 81' lang='lat'>152.</span> <span class='ocrx_word' id='word_1_259' title='bbox 501 3939 537 4020; x_wconf 87' lang='lat'>(1.</span> <span class='ocrx_word' id='word_1_260' title='bbox 567 3940 639 4021; x_wconf 88' lang='lat'>142)</span> <span class='ocrx_word' id='word_1_261' title='bbox 663 3939 838 4001; x_wconf 89' lang='lat' dir='ltr'>Decretum</span> <span class='ocrx_word' id='word_1_262' title='bbox 862 3958 959 4019; x_wconf 91' lang='lat' dir='ltr'>super</span> <span class='ocrx_word' id='word_1_263' title='bbox 982 3937 1159 4018; x_wconf 90' lang='lat' dir='ltr'>equacione</span> <span class='ocrx_word' id='word_1_264' title='bbox 1191 3932 1430 3997; x_wconf 86' lang='lat' dir='ltr'>beneficiorum.</span> <span class='ocrx_word' id='word_1_265' title='bbox 1456 3967 1499 3978; x_wconf 88' lang='lat'>-</span> <span class='ocrx_word' id='word_1_266' title='bbox 1523 3929 1642 3993; x_wconf 88' lang='lat' dir='ltr'>Vener.</span> <span class='ocrx_word' id='word_1_267' title='bbox 1667 3941 1700 3994; x_wconf 92' lang='lat' dir='ltr'>et</span> <span class='ocrx_word' id='word_1_268' title='bbox 1723 3930 1838 3996; x_wconf 92' lang='lat' dir='ltr'>honor·</span> 
     </span>
     <span class='ocr_line' id='line_1_30' title="bbox 282 4040 1838 4126; baseline -0.002 -20"><span class='ocrx_word' id='word_1_269' title='bbox 282 4045 339 4107; x_wconf 91' lang='lat' dir='ltr'>viri</span> <span class='ocrx_word' id='word_1_270' title='bbox 362 4045 416 4108; x_wconf 93' lang='lat' dir='ltr'>dni</span> <span class='ocrx_word' id='word_1_271' title='bbox 441 4093 469 4109; x_wconf 91' lang='lat'>..</span> <span class='ocrx_word' id='word_1_272' title='bbox 494 4045 609 4126; x_wconf 86' lang='lat' dir='ltr'>prelati</span> <span class='ocrx_word' id='word_1_273' title='bbox 632 4057 665 4109; x_wconf 90' lang='lat' dir='ltr'>et</span> <span class='ocrx_word' id='word_1_274' title='bbox 689 4046 834 4107; x_wconf 89' lang='lat' dir='ltr'>canonici</span> <span class='ocrx_word' id='word_1_275' title='bbox 860 4094 887 4108; x_wconf 93' lang='lat'>..</span> <span class='ocrx_word' id='word_1_276' title='bbox 913 4046 944 4107; x_wconf 95' lang='lat' dir='ltr'>in</span> <span class='ocrx_word' id='word_1_277' title='bbox 968 4043 1189 4106; x_wconf 86' lang='lat' dir='ltr'>defensionem</span> <span class='ocrx_word' id='word_1_278' title='bbox 1222 4040 1474 4123; x_wconf 90' lang='lat' dir='ltr'>equacionis</span> <span class='ocrx_word' id='word_1_279' title='bbox 1497 4042 1838 4103; x_wconf 90' lang='lat' dir='ltr'>canonicatuum.</span> 
     </span>
     <span class='ocr_line' id='line_1_31' title="bbox 281 4145 1839 4236; baseline -0.003 -22"><span class='ocrx_word' id='word_1_280' title='bbox 281 4153 533 4232; x_wconf 88' lang='lat' dir='ltr'>prebendarum,</span> <span class='ocrx_word' id='word_1_281' title='bbox 558 4153 768 4236; x_wconf 86' lang='lat' dir='ltr'>dignitatum,</span> <span class='ocrx_word' id='word_1_282' title='bbox 801 4162 1034 4234; x_wconf 88' lang='lat' dir='ltr'>personatuum</span> <span class='ocrx_word' id='word_1_283' title='bbox 1057 4162 1090 4212; x_wconf 93' lang='lat' dir='ltr'>et</span> <span class='ocrx_word' id='word_1_284' title='bbox 1114 4149 1293 4213; x_wconf 86' lang='lat' dir='ltr'>officiorum</span> <span class='ocrx_word' id='word_1_285' title='bbox 1328 4149 1358 4209; x_wconf 92' lang='lat' dir='ltr'>in</span> <span class='ocrx_word' id='word_1_286' title='bbox 1383 4145 1518 4209; x_wconf 90' lang='lat' dir='ltr'>ecclesia</span> <span class='ocrx_word' id='word_1_287' title='bbox 1540 4146 1680 4209; x_wconf 89' lang='lat' dir='ltr'>Poznan.</span> <span class='ocrx_word' id='word_1_288' title='bbox 1705 4167 1764 4227; x_wconf 91' lang='lat' dir='ltr'>per</span> <span class='ocrx_word' id='word_1_289' title='bbox 1786 4145 1839 4210; x_wconf 91' lang='lat' dir='ltr'>Se·</span> 
     </span>
     <span class='ocr_line' id='line_1_32' title="bbox 280 4251 1839 4345; baseline -0.004 -24"><span class='ocrx_word' id='word_1_290' title='bbox 280 4260 354 4322; x_wconf 90' lang='lat' dir='ltr'>dem</span> <span class='ocrx_word' id='word_1_291' title='bbox 376 4260 517 4341; x_wconf 89' lang='lat' dir='ltr'>apostol.</span> <span class='ocrx_word' id='word_1_292' title='bbox 542 4259 772 4323; x_wconf 84' lang='lat' dir='ltr'>confirmatam</span> <span class='ocrx_word' id='word_1_293' title='bbox 796 4259 989 4345; x_wconf 85' lang='lat' dir='ltr'>unanimiter</span> <span class='ocrx_word' id='word_1_294' title='bbox 1011 4259 1097 4320; x_wconf 89' lang='lat' dir='ltr'>votis</span> <span class='ocrx_word' id='word_1_295' title='bbox 1121 4267 1154 4320; x_wconf 92' lang='lat' dir='ltr'>et</span> <span class='ocrx_word' id='word_1_296' title='bbox 1177 4254 1368 4318; x_wconf 89' lang='lat' dir='ltr'>tractatibus</span> <span class='ocrx_word' id='word_1_297' title='bbox 1391 4251 1542 4315; x_wconf 92' lang='lat' dir='ltr'>hincinde</span> <span class='ocrx_word' id='word_1_298' title='bbox 1565 4252 1743 4333; x_wconf 88' lang='lat' dir='ltr'>prehabitis</span> <span class='ocrx_word' id='word_1_299' title='bbox 1766 4273 1839 4316; x_wconf 93' lang='lat' dir='ltr'>con·</span> 
     </span>
     <span class='ocr_line' id='line_1_33' title="bbox 275 4359 1838 4450; baseline -0.004 -21"><span class='ocrx_word' id='word_1_300' title='bbox 275 4379 460 4440; x_wconf 87' lang='lat' dir='ltr'>senserunt,</span> <span class='ocrx_word' id='word_1_301' title='bbox 497 4388 557 4449; x_wconf 92' lang='lat' dir='ltr'>pro</span> <span class='ocrx_word' id='word_1_302' title='bbox 582 4387 646 4450; x_wconf 89' lang='lat' dir='ltr'>qua</span> <span class='ocrx_word' id='word_1_303' title='bbox 678 4367 865 4448; x_wconf 91' lang='lat' dir='ltr'>equacione</span> <span class='ocrx_word' id='word_1_304' title='bbox 896 4364 1099 4429; x_wconf 78' lang='lat' dir='ltr'>defendenda</span> <span class='ocrx_word' id='word_1_305' title='bbox 1124 4363 1278 4444; x_wconf 88' lang='lat' dir='ltr'>pecunias</span> <span class='ocrx_word' id='word_1_306' title='bbox 1302 4359 1433 4442; x_wconf 88' lang='lat' dir='ltr'>capituli</span> <span class='ocrx_word' id='word_1_307' title='bbox 1456 4359 1669 4423; x_wconf 89' lang='lat' dir='ltr'>decreverunt</span> <span class='ocrx_word' id='word_1_308' title='bbox 1692 4359 1760 4423; x_wconf 87' lang='grc'>1010</span> <span class='ocrx_word' id='word_1_309' title='bbox 1783 4361 1838 4422; x_wconf 93' lang='lat' dir='ltr'>im-</span> 
     </span>
    </p>
   </div>
   <div class='ocr_carea' id='block_1_9' title="bbox 279 4475 1838 4664">
    <p class='ocr_par' dir='ltr' id='par_1_9' title="bbox 279 4475 1838 4664">
     <span class='ocr_line' id='line_1_34' title="bbox 304 4475 476 4538; baseline 0 0"><span class='ocrx_word' id='word_1_310' title='bbox 304 4475 476 4538; x_wconf 89' lang='lat' dir='ltr'>endenda.</span> 
     </span>
     <span class='ocr_line' id='line_1_35' title="bbox 279 4495 1838 4664; baseline -0.008 -17"><span class='ocrx_word' id='word_1_311' title='bbox 279 4497 301 4557; x_wconf 76' lang='lat' dir='ltr'>p</span> <span class='ocrx_word' id='word_1_312' title='bbox 390 4495 474 4646; x_wconf 75' lang='grc'>1511.</span> <span class='ocrx_word' id='word_1_313' title='bbox 500 4581 600 4664; x_wconf 78' lang='lat' dir='ltr'>(thid.)</span> <span class='ocrx_word' id='word_1_314' title='bbox 625 4581 707 4644; x_wconf 88' lang='grc'>11010</span> <span class='ocrx_word' id='word_1_315' title='bbox 731 4579 849 4644; x_wconf 92' lang='lat' dir='ltr'>ibidem</span> <span class='ocrx_word' id='word_1_316' title='bbox 870 4545 927 4664; x_wconf 87' lang='lat' dir='ltr'>dni</span> <span class='ocrx_word' id='word_1_317' title='bbox 950 4578 1064 4660; x_wconf 89' lang='lat' dir='ltr'>prelati</span> <span class='ocrx_word' id='word_1_318' title='bbox 1080 4562 1121 4642; x_wconf 44' lang='lat' dir='ltr'>&#39;et</span> <span class='ocrx_word' id='word_1_319' title='bbox 1145 4577 1290 4639; x_wconf 92' lang='lat' dir='ltr'>canonici</span> <span class='ocrx_word' id='word_1_320' title='bbox 1313 4575 1426 4638; x_wconf 91' lang='lat' dir='ltr'>honor.</span> <span class='ocrx_word' id='word_1_321' title='bbox 1451 4573 1538 4636; x_wconf 89' lang='lat' dir='ltr'>viros</span> <span class='ocrx_word' id='word_1_322' title='bbox 1555 4573 1637 4635; x_wconf 89' lang='lat' dir='ltr'>dnos</span> <span class='ocrx_word' id='word_1_323' title='bbox 1656 4573 1838 4652; x_wconf 89' lang='lat' dir='ltr'>Johannem</span> 
     </span>
    </p>
   </div>
   <div class='ocr_carea' id='block_1_10' title="bbox 280 4680 1838 4983">
    <p class='ocr_par' dir='ltr' id='par_1_10' title="bbox 280 4680 1838 4983">
     <span class='ocr_line' id='line_1_36' title="bbox 280 4680 1838 4769; baseline -0.006 -18"><span class='ocrx_word' id='word_1_324' title='bbox 280 4687 308 4751; x_wconf 91' lang='lat' dir='ltr'>F</span> <span class='ocrx_word' id='word_1_325' title='bbox 311 4709 422 4751; x_wconf 90' lang='lat' dir='ltr'>urman</span> <span class='ocrx_word' id='word_1_326' title='bbox 446 4699 479 4751; x_wconf 91' lang='lat' dir='ltr'>et</span> <span class='ocrx_word' id='word_1_327' title='bbox 501 4687 702 4769; x_wconf 84' lang='lat' dir='ltr'>Sluplronem</span> <span class='ocrx_word' id='word_1_328' title='bbox 726 4687 765 4750; x_wconf 90' lang='lat' dir='ltr'>de</span> <span class='ocrx_word' id='word_1_329' title='bbox 788 4685 987 4750; x_wconf 90' lang='lat' dir='ltr'>Schamotuli</span> <span class='ocrx_word' id='word_1_330' title='bbox 1011 4696 1238 4766; x_wconf 89' lang='lat' dir='ltr'>procuratores</span> <span class='ocrx_word' id='word_1_331' title='bbox 1262 4681 1393 4764; x_wconf 91' lang='lat' dir='ltr'>capituli</span> <span class='ocrx_word' id='word_1_332' title='bbox 1417 4681 1457 4742; x_wconf 92' lang='lat' dir='ltr'>ad</span> <span class='ocrx_word' id='word_1_333' title='bbox 1481 4680 1744 4742; x_wconf 88' lang='lat' dir='ltr'>constituendum</span> <span class='ocrx_word' id='word_1_334' title='bbox 1763 4701 1838 4764; x_wconf 93' lang='lat' dir='ltr'>pro-</span> 
     </span>
     <span class='ocr_line' id='line_1_37' title="bbox 281 4788 1838 4870; baseline -0.004 -12"><span class='ocrx_word' id='word_1_335' title='bbox 281 4807 447 4860; x_wconf 88' lang='lat' dir='ltr'>curatores</span> <span class='ocrx_word' id='word_1_336' title='bbox 469 4797 500 4857; x_wconf 94' lang='lat' dir='ltr'>in</span> <span class='ocrx_word' id='word_1_337' title='bbox 524 4796 635 4857; x_wconf 89' lang='lat' dir='ltr'>curia</span> <span class='ocrx_word' id='word_1_338' title='bbox 659 4795 847 4857; x_wconf 86' lang='lat' dir='ltr'>Romana</span> <span class='ocrx_word' id='word_1_339' title='bbox 871 4815 927 4857; x_wconf 90' lang='lat' dir='ltr'>seu</span> <span class='ocrx_word' id='word_1_340' title='bbox 950 4793 983 4854; x_wconf 94' lang='lat' dir='ltr'>in</span> <span class='ocrx_word' id='word_1_341' title='bbox 1007 4791 1199 4854; x_wconf 93' lang='lat' dir='ltr'>concilio</span> <span class='ocrx_word' id='word_1_342' title='bbox 1229 4789 1462 4853; x_wconf 91' lang='lat' dir='ltr'>Basiliensi</span> <span class='ocrx_word' id='word_1_343' title='bbox 1493 4788 1534 4850; x_wconf 89' lang='lat' dir='ltr'>ad</span> <span class='ocrx_word' id='word_1_344' title='bbox 1558 4808 1688 4850; x_wconf 90' lang='lat' dir='ltr'>causam</span> <span class='ocrx_word' id='word_1_345' title='bbox 1711 4808 1838 4870; x_wconf 86' lang='lat' dir='ltr'>presen-</span> 
     </span>
     <span class='ocr_line' id='line_1_38' title="bbox 281 4898 1265 4983; baseline -0.006 -18"><span class='ocrx_word' id='word_1_346' title='bbox 281 4913 348 4966; x_wconf 90' lang='lat' dir='ltr'>tem</span> <span class='ocrx_word' id='word_1_347' title='bbox 372 4903 621 4966; x_wconf 88' lang='lat' dir='ltr'>nominaverunt</span> <span class='ocrx_word' id='word_1_348' title='bbox 642 4911 675 4965; x_wconf 91' lang='lat' dir='ltr'>et</span> <span class='ocrx_word' id='word_1_349' title='bbox 698 4901 952 4983; x_wconf 90' lang='lat' dir='ltr'>deputaverunt,</span> <span class='ocrx_word' id='word_1_350' title='bbox 977 4898 1181 4981; x_wconf 88' lang='lat' dir='ltr'>presentibus</span> <span class='ocrx_word' id='word_1_351' title='bbox 1205 4907 1265 4960; x_wconf 91' lang='lat' dir='ltr'>etc.</span> 
     </span>
    </p>
   </div>
   <div class='ocr_carea' id='block_1_11' title="bbox 494 5116 1364 5202">
    <p class='ocr_par' dir='ltr' id='par_1_11' title="bbox 494 5116 1364 5202">
     <span class='ocr_line' id='line_1_39' title="bbox 494 5116 1364 5202; baseline -0.008 -18"><span class='ocrx_word' id='word_1_352' title='bbox 494 5120 537 5184; x_wconf 92' lang='lat' dir='ltr'>A.</span> <span class='ocrx_word' id='word_1_353' title='bbox 566 5138 661 5202; x_wconf 84' lang='lat'>1434,</span> <span class='ocrx_word' id='word_1_354' title='bbox 687 5119 883 5183; x_wconf 88' lang='lat' dir='ltr'>Novembris</span> <span class='ocrx_word' id='word_1_355' title='bbox 911 5137 964 5192; x_wconf 89' lang='lat'>12,</span> <span class='ocrx_word' id='word_1_356' title='bbox 990 5120 1022 5181; x_wconf 93' lang='lat' dir='ltr'>in</span> <span class='ocrx_word' id='word_1_357' title='bbox 1046 5117 1189 5200; x_wconf 90' lang='lat' dir='ltr'>capitulo</span> <span class='ocrx_word' id='word_1_358' title='bbox 1213 5116 1364 5200; x_wconf 86' lang='lat' dir='ltr'>generali.</span> 
     </span>
    </p>
   </div>
   <div class='ocr_carea' id='block_1_12' title="bbox 280 5251 1837 5667">
    <p class='ocr_par' dir='ltr' id='par_1_12' title="bbox 280 5251 1837 5667">
     <span class='ocr_line' id='line_1_40' title="bbox 390 5251 1835 5344; baseline -0.008 -16"><span class='ocrx_word' id='word_1_359' title='bbox 390 5251 473 5329; x_wconf 77' lang='grc'>154.</span> <span class='ocrx_word' id='word_1_360' title='bbox 498 5263 532 5344; x_wconf 93' lang='grc' dir='ltr'>(Ι.</span> <span class='ocrx_word' id='word_1_361' title='bbox 561 5263 634 5342; x_wconf 91' lang='grc'>143)</span> <span class='ocrx_word' id='word_1_362' title='bbox 669 5262 720 5324; x_wconf 92' lang='lat' dir='ltr'>De</span> <span class='ocrx_word' id='word_1_363' title='bbox 743 5261 987 5324; x_wconf 89' lang='lat' dir='ltr'>contribucione</span> <span class='ocrx_word' id='word_1_364' title='bbox 1019 5260 1073 5322; x_wconf 92' lang='lat' dir='ltr'>dni</span> <span class='ocrx_word' id='word_1_365' title='bbox 1104 5261 1166 5342; x_wconf 87' lang='lat' dir='ltr'>Epi</span> <span class='ocrx_word' id='word_1_366' title='bbox 1197 5259 1336 5322; x_wconf 85' lang='lat' dir='ltr'>Poznan.</span> <span class='ocrx_word' id='word_1_367' title='bbox 1361 5293 1405 5304; x_wconf 94' lang='lat'>-</span> <span class='ocrx_word' id='word_1_368' title='bbox 1429 5256 1535 5319; x_wconf 91' lang='lat' dir='ltr'>Primo</span> <span class='ocrx_word' id='word_1_369' title='bbox 1560 5265 1593 5318; x_wconf 90' lang='lat' dir='ltr'>et</span> <span class='ocrx_word' id='word_1_370' title='bbox 1616 5253 1835 5336; x_wconf 80' lang='lat' dir='ltr'>principaliter</span> 
     </span>
     <span class='ocr_line' id='line_1_41' title="bbox 280 5361 1837 5448; baseline -0.008 -13"><span class='ocrx_word' id='word_1_371' title='bbox 280 5371 471 5435; x_wconf 89' lang='lat' dir='ltr'>tractatibus</span> <span class='ocrx_word' id='word_1_372' title='bbox 494 5370 535 5432; x_wconf 90' lang='lat' dir='ltr'>de</span> <span class='ocrx_word' id='word_1_373' title='bbox 558 5369 801 5432; x_wconf 91' lang='lat' dir='ltr'>contribucione</span> <span class='ocrx_word' id='word_1_374' title='bbox 824 5368 899 5430; x_wconf 90' lang='lat' dir='ltr'>Rdo</span> <span class='ocrx_word' id='word_1_375' title='bbox 922 5368 1006 5448; x_wconf 89' lang='lat' dir='ltr'>patri</span> <span class='ocrx_word' id='word_1_376' title='bbox 1030 5367 1095 5428; x_wconf 92' lang='lat' dir='ltr'>dno</span> <span class='ocrx_word' id='word_1_377' title='bbox 1119 5366 1281 5430; x_wconf 89' lang='lat' dir='ltr'>Stanislao</span> <span class='ocrx_word' id='word_1_378' title='bbox 1305 5365 1378 5447; x_wconf 87' lang='lat' dir='ltr'>Epo</span> <span class='ocrx_word' id='word_1_379' title='bbox 1402 5364 1541 5426; x_wconf 89' lang='lat' dir='ltr'>Poznan.</span> <span class='ocrx_word' id='word_1_380' title='bbox 1566 5382 1679 5426; x_wconf 90' lang='lat' dir='ltr'>versus</span> <span class='ocrx_word' id='word_1_381' title='bbox 1703 5361 1837 5424; x_wconf 92' lang='lat' dir='ltr'>conci·</span> 
     </span>
     <span class='ocr_line' id='line_1_42' title="bbox 280 5468 1833 5556; baseline -0.006 -18"><span class='ocrx_word' id='word_1_382' title='bbox 280 5476 379 5540; x_wconf 92' lang='lat' dir='ltr'>lium</span> <span class='ocrx_word' id='word_1_383' title='bbox 402 5477 638 5540; x_wconf 88' lang='lat' dir='ltr'>Basiliense</span> <span class='ocrx_word' id='word_1_384' title='bbox 673 5475 779 5538; x_wconf 91' lang='lat' dir='ltr'>danda</span> <span class='ocrx_word' id='word_1_385' title='bbox 802 5475 941 5556; x_wconf 91' lang='lat' dir='ltr'>desuper</span> <span class='ocrx_word' id='word_1_386' title='bbox 964 5473 1141 5555; x_wconf 87' lang='lat' dir='ltr'>prehabitis</span> <span class='ocrx_word' id='word_1_387' title='bbox 1173 5474 1385 5536; x_wconf 88' lang='lat' dir='ltr'>decreverunt</span> <span class='ocrx_word' id='word_1_388' title='bbox 1416 5470 1607 5533; x_wconf 89' lang='lat' dir='ltr'>unanimiter</span> <span class='ocrx_word' id='word_1_389' title='bbox 1630 5479 1663 5532; x_wconf 91' lang='grc'>01</span> <span class='ocrx_word' id='word_1_390' title='bbox 1687 5468 1833 5531; x_wconf 90' lang='lat' dir='ltr'>laudave-</span> 
     </span>
     <span class='ocr_line' id='line_1_43' title="bbox 281 5576 1835 5667; baseline -0.008 -18"><span class='ocrx_word' id='word_1_391' title='bbox 281 5597 354 5650; x_wconf 91' lang='lat' dir='ltr'>runt</span> <span class='ocrx_word' id='word_1_392' title='bbox 377 5605 437 5667; x_wconf 91' lang='lat' dir='ltr'>pro</span> <span class='ocrx_word' id='word_1_393' title='bbox 461 5586 548 5647; x_wconf 92' lang='lat' dir='ltr'>dicto</span> <span class='ocrx_word' id='word_1_394' title='bbox 572 5584 637 5646; x_wconf 93' lang='lat' dir='ltr'>dno</span> <span class='ocrx_word' id='word_1_395' title='bbox 661 5580 823 5646; x_wconf 87' lang='lat' dir='ltr'>Stanislao</span> <span class='ocrx_word' id='word_1_396' title='bbox 847 5582 921 5663; x_wconf 90' lang='lat' dir='ltr'>Epo</span> <span class='ocrx_word' id='word_1_397' title='bbox 945 5583 976 5644; x_wconf 93' lang='lat' dir='ltr'>in</span> <span class='ocrx_word' id='word_1_398' title='bbox 1001 5581 1088 5644; x_wconf 90' lang='lat' dir='ltr'>dicto</span> <span class='ocrx_word' id='word_1_399' title='bbox 1112 5581 1249 5643; x_wconf 92' lang='lat' dir='ltr'>concilio</span> <span class='ocrx_word' id='word_1_400' title='bbox 1272 5579 1440 5642; x_wconf 87' lang='lat' dir='ltr'>Basiliensi</span> <span class='ocrx_word' id='word_1_401' title='bbox 1463 5587 1584 5660; x_wconf 87' lang='lat' dir='ltr'>agente</span> <span class='ocrx_word' id='word_1_402' title='bbox 1607 5597 1667 5658; x_wconf 86' lang='lat' dir='ltr'>pro</span> <span class='ocrx_word' id='word_1_403' title='bbox 1692 5576 1835 5638; x_wconf 93' lang='lat' dir='ltr'>subsidio</span> 
     </span>
    </p>
   </div>
   <div class='ocr_carea' id='block_1_13' title="bbox 0 0 2234 6356">
    <p class='ocr_par' dir='ltr' id='par_1_13' title="bbox 0 0 2234 6356">
     <span class='ocr_line' id='line_1_44' title="bbox 0 0 2234 6356; baseline 0 1"><span class='ocrx_word' id='word_1_404' title='bbox 0 0 2234 6356; x_wconf 95' lang='lat' dir='ltr'> </span> 
     </span>
    </p>
   </div>
  </div>
 </body>
</html>
