4458 6356
972 579 1058 628 ANNI
1082 578 1158 632 1133.
1808 597 1843 642 21

293 671 352 677 —--
407 671 428 677 .-
437 671 923 681 ——-———-—-———-——
1313 673 1604 682 ψ.-
1616 673 1843 680 ————-—-—-

293 792 472 873 equacione
496 792 725 854 beneficiorum
749 794 790 855 ad
814 814 837 856 s.
861 792 923 856 Dei
947 793 1135 875 Ewangelia
1159 794 1382 873 corporalibus
1417 796 1616 864 iuramentis
1652 796 1695 856 ita
1728 803 1848 864 tamen,

292 899 380 979 quod
404 900 488 961 votis
512 900 656 961 omnium
680 911 713 962 et
737 900 936 982 singulorum
961 902 1214 983 prescriptorum
1240 902 1377 963 duorum
1402 901 1598 981 prelatorum
1623 912 1656 962 et
1680 901 1847 962 canonico·

291 1025 361 1068 rum
385 1005 650 1068 concurrentibus
673 1026 785 1069 versus
810 1005 938 1070 Curiam
963 1008 1145 1070 Romanam
1170 1028 1230 1090 pro
1254 1007 1417 1070 decisione
1441 1009 1536 1082 Rote,
1560 1028 1601 1070 an
1626 1007 1732 1070 taliter
1756 1007 1848 1068 bene·

290 1111 360 1175 ficia
384 1122 606 1193 permutantes
631 1133 749 1194 corpus
773 1124 879 1177 totum
903 1125 1056 1196 pretextu
1088 1115 1317 1177 beneficiorum
1351 1116 1526 1177 eorundem
1550 1115 1671 1176 habere
1695 1123 1727 1176 et
1752 1115 1849 1194 perci-

290 1241 367 1302 pere
390 1220 531 1283 debeant
555 1221 683 1282 racione
707 1221 792 1283 dicte
820 1221 1060 1303 adequacionis,
1085 1223 1212 1285 mittere
1236 1222 1463 1298 decreverunt;
1500 1222 1653 1304 quidquid
1678 1231 1786 1284 autem
1811 1221 1842 1282 in

289 1327 349 1390 hiis
373 1328 515 1390 decisum
539 1337 572 1391 et
595 1328 844 1390 determinatum
868 1327 970 1402 1119111,
996 1349 1032 1392 39
1056 1339 1242 1392 servaturos
1266 1330 1484 1392 submiserunt
1509 1330 1622 1410 prelati
1639 1329 1692 1390 dni
1704 1327 1846 1408 Jacobus

289 1435 533 1498 archidiaconus
557 1446 590 1498 et
613 1434 772 1498 Albertus
796 1436 981 1498 canonicus.

367 1559 455 1632 00.
480 1567 585 1648 (Ibid.)
621 1567 703 1630 Item
734 1567 853 1629 ibidem
888 1571 1057 1632 memorati
1087 1570 1141 1631 dni
1166 1569 1307 1650 Jacobus
1338 1569 1502 1632 Pczewski
1526 1579 1559 1632 et
1580 1568 1738 1630 Albertus
1758 1568 1843 1648 Jaro-

291 1673 428 1739 szewski
451 1674 670 1737 submiserunt
695 1695 731 1737 se
745 1674 909 1738 soluturos
926 1696 1007 1738 unus
1024 1697 1083 1757 pro
1100 1677 1163 1739 alio
1188 1678 1228 1739 de
1251 1675 1415 1740 beneficiis
1438 1697 1549 1739 eorum
1573 1676 1847 1739 contribucio·

292 1803 365 1846 nes
387 1781 568 1864 regales.

401 1910 484 1979 100.
509 1915 545 1996 (l.
569 1917 611 1993 98
620 1915 639 1997 ο)
663 1914 837 1977 Decretum
863 1916 1010 1978 dnorum.
1037 1953 1077 1961 -
1101 1916 1182 1978 Item
1206 1937 1311 1978 vener.
1329 1917 1412 1978 dnos
1428 1916 1644 1997 Predvogium
1661 1913 1846 1986 Granczski,

288 2022 462 2085 Hectorem
486 2023 689 2104 prepositum
714 2020 996 2094 Gluschinensem‚
1022 2023 1061 2085 N.
1087 2023 1302 2094 scolasticum,
1328 2023 1483 2086 Mathiam
1509 2023 1599 2104 Drya
1622 2023 1780 2085 decanum
1803 2023 1844 2084 ad

287 2128 557 2192 conscribendum
581 2139 688 2192 certos
713 2130 865 2192 articulos
888 2132 919 2191 ia
944 2129 1135 2208 Synodo
1171 2130 1433 2192 Lancicien
1451 2131 1487 2192 si
1521 2129 1600 2212 [per]
1624 2129 1781 2192 Mathiam
1806 2129 1846 2190 de

288 2235 476 2317 chlapowo,
508 2236 689 2316 Johannem
725 2237 866 2298 Furman
898 2249 931 2300 et
956 2236 1128 2300 Albertum
1153 2237 1194 2299 de
1213 2236 1421 2316 Jaroschewo
1448 2236 1591 2317 prelatos
1615 2247 1647 2299 et
1672 2237 1846 2298 canonicos

289 2364 398 2407 coram
434 2343 564 2406 Rmo..
600 2344 666 2405 dno
690 2341 853 2406 Stanislao
884 2343 958 2426 Epo
986 2345 1125 2407 Poznan.
1158 2345 1189 2406 in
1221 2343 1357 2425 Synodo
1394 2343 1593 2406 Lanciciensi
1628 2343 1845 2424 exponendos

290 2451 537 2532 deputaverunt.

501 2669 545 2733 A.
575 2687 672 2750 1433,
697 2672 803 2734 Martii
829 2673 886 2747 28,
911 2673 942 2733 in
966 2672 1119 2755 capitulo.

399 2808 484 2878 101.
508 2813 541 2894 (1,
565 2817 621 2892 99)
646 2811 824 2896 5039911310
849 2813 1075 2876 191999101111111.
1095 2851 1134 2859 —-
1152 2813 1277 2875 Item..
1302 2833 1409 2874 vener.
1435 2823 1468 2874 et
1491 2812 1605 2874 honor.
1630 2812 1683 2873 dni
1709 2811 1748 2874 N.
1774 2833 1845 2874 sco-

290 2919 428 2992 lasticus,
448 2920 590 3000 Jacobus
613 2920 782 2982 archidiac.
808 2920 1021 2992 Pczewensis‚
1047 2921 1186 2982 Mathias
1211 2921 1250 2982 de
1275 2919 1471 3000 Chlapowo‚
1508 2919 1668 2998 Johannes
1692 2919 1842 2994 Furman,

290 3025 404 3088 Petrus
428 3026 600 3109 Nowyecz,
626 3027 783 3090 Albertus
806 3027 846 3088 de
867 3027 1135 3106 Jaroschewicze,
1160 3027 1310 3089 Andreas
1334 3029 1374 3088 de
1399 3025 1556 3088 Sarnowo
1582 3037 1613 3090 et
1633 3027 1774 3106 Jacobus
1798 3027 1838 3088 de

287 3131 409 3194 Grandi
433 3133 627 3196 refecciones
651 3134 718 3208 hiis,
743 3135 795 3214 qui
820 3145 911 3197 erant
943 3135 984 3196 ad
1019 3133 1253 3215 Synodum
1291 3134 1653 3197 Lanciciensem
1678 3135 1777 3206 missi,
1801 3135 1842 3196 ab

287 3239 442 3302 hodierna
466 3241 516 3303 die
541 3240 664 3334 dandas
687 3239 901 3305 inhibuerunt.

501 3460 544 3524 A.
574 3477 671 3540 1433,
696 3462 802 3524 Martii
827 3479 884 3540 29,
910 3463 940 3523 111
965 3463 1117 3544 capitulo.

398 3599 481 3668 102.
507 3603 540 3682 (I.
563 3603 616 3682 99)
641 3603 765 3666 Item..
789 3624 898 3666 vener.
922 3605 1022 3666 viri..
1049 3605 1161 3684 prelati
1186 3615 1219 3666 et
1243 3606 1388 3665 canonici
1412 3625 1517 3666 vener.
1543 3607 1644 3665 virum
1669 3603 1838 3684 1101111110-

287 3711 423 3772 hannem
448 3709 489 3772 de
514 3710 697 3772 Drzewicza
720 3712 873 3772 vicarium
898 3713 928 3772 in
954 3709 1178 3792 Spiritualibus
1210 3711 1304 3772 Pozn.
1329 3732 1437 3792 gener.
1471 3731 1582 3772 versus
1619 3711 1841 3790 Brodnya

287 3817 327 3878 ad
352 3816 450 3878 dnum
476 3817 631 3898 Regem
656 3819 687 3878 in
712 3819 856 3898 negociis
880 3819 1016 3879 ecclesie
1049 3828 1082 3879 et
1113 3818 1243 3897 capituli
1278 3820 1394 3879 iturum
1431 3819 1683 3896 deputaverunt.
1721 3819 1770 3878 9111
1794 3818 1842 3880 lV

287 3943 410 3986 marcas
434 3945 494 4004 pro
518 3925 673 4004 expensis
697 3925 737 3986 de
762 3925 906 4004 pecuniis
931 3925 1211 3986 contribucionum
1236 3923 1311 3986 cleri
1335 3924 1458 3986 dandas
1482 3924 1709 3994 decreverunt,
1734 3925 1838 3986 decer-

287 4043 414 4108 nentes,
438 4030 526 4112 quod
550 4032 619 4112 ipse
643 4030 725 4093 dnus
745 4011 910 4110 Johannes
934 4033 1070 4092 vicarius
1095 4029 1341 4102 releccionibus,
1366 4052 1446 4112 quas
1470 4031 1612 4110 recipere
1637 4031 1666 4091 in
1685 4031 1840 4093 cundoet

283 4136 449 4200 redeundo
474 4137 632 4220 negliget,
657 4140 688 4200 in
712 4148 784 4200 toto
808 4138 950 4218 gaudere
974 4137 1101 4200 debeat.

491 4345 533 4408 A.
564 4362 654 4425 1433,
680 4345 802 4426 Aprilis
828 4363 878 4417 21,
904 4347 933 4408 in
959 4347 1113 4428 capitulo.

396 4483 480 4550 103.
504 4487 540 4567 (1.
570 4487 683 4567 100)..
708 4487 826 4551 Vener.
852 4498 885 4551 91
909 4488 1022 4552 honor.
1048 4490 1100 4551 dni
1115 4538 1143 4551 ..
1169 4489 1283 4570 prelati
1306 4500 1339 4552 et
1363 4491 1550 4551 canonici..
1574 4491 1764 4552 tractatibus
1789 4492 1838 4553 de·

283 4615 380 4675 super
403 4593 580 4675 prehabitis
604 4595 644 4657 de
667 4596 812 4676 pecuniis
837 4616 896 4676 pro
922 4597 1057 4675 prandio
1082 4617 1142 4676 pro
1167 4596 1349 4676 legatis
1373 4596 1479 4658 11911110
1504 4598 1725 4668 decreverunt,
1751 4601 1837 4678 quod

283 4700 425 4782 prefatus
449 4699 531 4762 dnus
556 4699 707 4763 Clemens
733 4701 945 4764 Drzewiczski
970 4701 1113 4764 officialis
1138 4703 1185 4764 lV
1210 4724 1334 4764 marcas
1359 4704 1399 4765 de
1424 4705 1567 4783 pecuniis
1592 4703 1710 4765 fabrice
1726 4725 1839 4766 conce·

283 4807 346 4880 dat,
370 4827 451 4888 quas
474 4807 591 4868 ibidem
616 4828 651 4868 se
676 4808 794 4871 obtulit
812 4809 969 4880 daturum,
994 4809 1213 4877 decernentes.
1240 4810 1327 4892 quod
1346 4821 1573 4890 procuratores
1589 4811 1720 4891 capituli
1738 4812 1839 4872 dictas

283 4913 330 4976 lV
354 4934 477 4975 marras
494 4914 596 4976 9119111
615 4912 680 4976 dno
698 4914 858 4978 Clementi
882 4915 1008 4978 officiali
1033 4916 1220 4996 persolvant
1244 4918 1304 4978 sub
1321 4917 1463 4978 censuris
1488 4917 1517 4978 in
1544 4917 1676 4978 eosdem
1700 4917 1839 4980 serendis

283 5019 363 5082 inira
387 5020 460 5082 111119
483 5009 658 5084 9119310111
682 5024 713 5084 b.
739 5022 823 5084 Petri
847 5033 880 5085 91
904 5023 991 5084 Pauli
1014 5024 1250 5103 apostolorum.

490 5229 532 5296 A.
562 5247 654 5317 1433,
679 5231 802 5312 Aprilis
827 5249 877 5311 24,
902 5233 934 5294 in
958 5233 1108 5313 capitulo.

393 5366 475 5436 104.
499 5372 531 5454 (1
560 5371 676 5456 100)..
702 5373 819 5436 Vener.
844 5374 897 5435 dni
922 5373 1075 5436 Nicolaus
1110 5374 1314 5444 scolasticus,
1350 5375 1537 5451 FlorianuS‚
1574 5375 1736 5454 Johannes
1762 5377 1837 5438 Fur.

283 5497 365 5550 man,
390 5477 501 5540 Petrus
526 5479 707 5558 Nowyecz,
733 5480 873 5543 Mathias
898 5481 938 5542 de
962 5481 1125 5543 Tarnowo
1150 5503 1257 5546 vener.
1282 5485 1368 5545 viros
1392 5483 1475 5545 dnos
1500 5483 1628 5545 Petrum
1647 5483 1836 5564 Hungarum

284 5581 516 5660 Srzemensem,
538 5585 711 5650 Albertum
732 5586 946 5666 Jaroszewski
979 5588 1258 5654 Warszoviensem
1283 5589 1544 5664 archidiaconos,
1571 5589 1745 5654 Hectorem
1770 5612 1838 5673 pre-
