4390 6368
831 605 1010 660 ANNORUM
1031 603 1217 662 1522-1523.

460 822 504 884 A.
534 837 632 903 1522,
656 822 728 886 Iulii
749 821 824 906 4¹),
848 823 880 884 in
904 821 1047 903 capitulo
1070 823 1223 905 generali.

358 959 468 1029 1120.
492 963 591 1046 (VIII.
619 967 701 1046 159).
724 963 850 1028 Ibidem
875 963 989 1045 prelati
1013 964 1066 1026 dni
1089 965 1166 1028 visis
1191 973 1224 1028 et
1247 963 1363 1026 auditis
1388 964 1518 1026 testium
1536 963 1802 1044 depositionibus

247 1069 287 1132 ad
304 1071 457 1134 articulos
473 1081 587 1136 contra
612 1073 711 1135 dnum
735 1070 915 1136 Iohannem
940 1071 1112 1152 Lanczslry
1136 1073 1328 1134 canonicum
1349 1071 1444 1134 datos
1468 1081 1690 1151 receptorum,
1715 1071 1800 1133 habi·

246 1185 345 1258 taque
368 1178 469 1258 ipsius
491 1178 545 1242 dni
569 1177 744 1262 Lanczsky
774 1190 936 1242 certomm
970 1179 1178 1242 articulorum
1202 1177 1408 1242 confessione
1432 1197 1603 1259 expressa,
1640 1188 1737 1256 prout
1759 1177 1801 1240 de

246 1282 355 1346 ludo
388 1271 623 1348 cartarum
659 1307 719 1368 pro
744 1287 888 1368 pecuniis
911 1286 1021 1348 illicito
1043 1285 1195 1348 videlicet
1225 1306 1298 1348 cum
1323 1285 1544 1368 Grodziczsky
1566 1285 1607 1348 de
1631 1285 1799 1359 Poznania,

245 1410 318 1452 cum
343 1411 409 1473 quo
433 1392 603 1456 consessus
638 1404 689 1457 est
713 1395 822 1474 sepius
858 1393 972 1456 lusisse
997 1392 1104 1456 ethic
1128 1395 1159 1454 in
1185 1394 1283 1456 domo
1319 1415 1376 1455 sua
1399 1395 1483 1455 circa
1519 1393 1689 1456 ecclesiam
1713 1393 1801 1456 etin

244 1498 374 1561 civitate
395 1499 534 1562 Poznan.
559 1501 781 1582 lucratumque
806 1502 838 1562 in
862 1521 902 1562 eo
925 1501 1023 1564 luisse
1047 1499 1088 1562 ad
1112 1497 1195 1563 XVI
1218 1501 1298 1563 citra
1323 1500 1373 1561 vel
1405 1499 1488 1562 ultra
1510 1499 1650 1562 florenos
1674 1519 1798 1562 succes-

244 1604 325 1681 sive;
362 1615 395 1668 et
419 1607 564 1669 similiter
597 1627 670 1672 cum
694 1607 759 1669 dno
783 1606 961 1689 Iaroczsky
984 1609 1016 1668 in
1040 1607 1170 1669 civitate
1194 1610 1225 1668 in
1249 1607 1346 1670 certis
1378 1606 1527 1686 hospitiis
1561 1626 1621 1687 pro
1646 1607 1800 1686 pecuniiis

244 1710 354 1773 ludum
377 1715 575 1793 exercuisse3
607 1715 683 1777 item
708 1715 748 1777 de
771 1723 868 1777 nocte
892 1715 924 1776 in
948 1715 1078 1778 civitate
1108 1713 1247 1776 Poznan.
1273 1734 1346 1776 curn
1370 1715 1435 1774 dno
1458 1713 1636 1776 castellano
1660 1713 1800 1794 Myedzi-

244 1819 401 1882 rzeczensi
425 1830 458 1884 et
481 1840 554 1884 cum
578 1821 648 1884 aliis
671 1821 819 1904 personis
854 1821 1052 1884 secularibus
1087 1821 1273 1883 circulando
1307 1819 1490 1882 ambulasse
1513 1821 1546 1881 in
1569 1831 1661 1883 veste
1685 1819 1800 1898 laicali;

244 1923 427 2008 ibidemque
451 1928 603 1992 incertis
638 1927 788 2011 hospitiis
810 1928 852 1992 ad
876 1940 1007 1991 noctem
1043 1929 1250 2006 dormivisse;
1287 1947 1349 2009 que
1383 1929 1490 1992 omnia
1526 1949 1584 2008 per
1607 1947 1799 2008 expressum

243 2031 411 2096 confessus
435 2045 486 2100 est
507 2037 541 2098 in
564 2034 625 2099 hec
648 2036 700 2100 vel
723 2035 782 2100 hiis
808 2035 922 2098 similia
944 2036 1061 2098 verba:
1082 2071 1126 2081 —-·
1142 2055 1185 2097 ex
1208 2036 1380 2099 occasione
1399 2034 1510 2098 talium
1534 2045 1567 2096 et
1590 2035 1800 2115 plurimorum

242 2139 377 2202 aliorum
402 2143 629 2206 scandalorum
653 2165 711 2224 per
734 2144 840 2224 ipsum
864 2143 963 2205 dnum
988 2141 1161 2223 Lanczslry
1178 2141 1371 2206 multociens
1387 2141 1617 2214 admissorum,
1642 2152 1739 2222 prout
1756 2161 1799 2202 ex

243 2245 501 2328 depositionibus
525 2251 658 2313 testium
682 2261 715 2313 et
738 2249 839 2331 ipsius
870 2249 924 2311 dni
947 2247 1122 2330 Lanczslry
1157 2247 1328 2311 manifeste
1363 2258 1516 2330 apparet,
1549 2257 1722 2330 postquam
1746 2247 1800 2310 ad·

243 2353 377 2418 monitio
402 2355 541 2419 fraterna
565 2367 599 2420 et
621 2359 787 2421 caritativa
821 2377 880 2437 per
902 2358 994 2437 ipsos
1018 2356 1102 2418 dnos
1126 2355 1211 2418 iacta
1236 2364 1269 2418 et
1293 2357 1450 2436 premissa
1485 2355 1680 2436 aliquotiens
1703 2353 1799 2416 nichil

242 2461 274 2524 in
297 2461 369 2544 ipso
392 2461 545 2544 profecit,
570 2465 675 2544 ipsum
699 2464 798 2526 dnum
822 2463 1003 2545 Lanczsky,
1028 2473 1063 2526 ut
1086 2464 1202 2530 saltem
1226 2483 1285 2544 per
1308 2461 1372 2524 hoc
1387 2463 1428 2524 ab
1445 2462 1523 2543 ipsis
1539 2461 1700 2524 scandalis
1716 2481 1800 2523 com-

242 2581 438 2656 pesceretur,
470 2591 489 2632 a
513 2571 759 2644 refectionibus,
791 2590 855 2652 que
877 2571 946 2636 aliis
969 2570 1041 2634 dnis
1065 2571 1149 2634 circa
1173 2570 1344 2633 ecclesiam
1374 2569 1590 2632 residentibus
1613 2579 1647 2631 et
1670 2588 1800 2651 presen-

241 2676 327 2739 tibus
350 2675 419 2739 dari
443 2677 563 2751 solent,
595 2675 669 2742 hinc
692 2677 734 2741 ad
757 2689 824 2742 tres
847 2699 977 2742 menses
1001 2680 1154 2741 continue
1186 2699 1259 2741 sese
1294 2687 1470 2758 sequentes
1504 2677 1743 2760 suspenderunt
1767 2685 1799 2739 et

241 2781 372 2846 easdem
396 2784 456 2846 sibi
479 2783 649 2848 detrahere
667 2785 916 2858 mandaverunt,
941 2785 1219 2867 decreveruntque
1236 2785 1370 2856 ibidem,
1394 2784 1421 2846 si
1437 2783 1577 2865 aliquid,
1600 2782 1688 2864 quod
1704 2783 1797 2860 absit,

240 2889 281 2952 de
304 2891 422 2954 talibus
443 2891 496 2954 vel
518 2891 673 2956 similibus
697 2893 857 2956 scandalis
880 2892 1063 2966 admiserit,
1089 2893 1259 2974 presertim
1276 2891 1316 2953 de
1334 2891 1614 2962 contentionibus,
1638 2889 1721 2952 ludis
1745 2890 1798 2951 illi·

239 2997 325 3070 citis,
349 3016 513 3062 armorum
536 2998 587 3062 vel
610 3001 711 3062 vestis
736 3000 855 3063 laicalis
879 2999 930 3062 hic
954 3002 1038 3062 circa
1063 2999 1232 3062 ecclesiam
1256 2999 1308 3062 vel
1333 2999 1513 3062 incivitate
1537 2997 1674 3062 Poznan.
1692 3007 1798 3078 porta·

239 3104 326 3166 tione
349 3115 382 3168 et
406 3116 504 3186 prout
527 3106 606 3168 alias
629 3106 660 3168 in
684 3107 825 3170 articulis
860 3118 973 3171 contra
995 3128 1070 3170 eum
1095 3107 1178 3170 datis
1206 3106 1302 3170 latius
1334 3107 1534 3180 continetur,
1571 3104 1659 3188 quod
1683 3105 1797 3186 presti-

238 3213 347 3274 monio
370 3221 404 3274 et
427 3211 527 3275 domo
561 3213 741 3294 privaretur
764 3224 797 3278 et
820 3214 899 3278 alias
922 3235 1024 3297 penas
1056 3215 1088 3278 in
1112 3215 1211 3278 sacris
1246 3214 1425 3277 canonibus
1449 3223 1563 3275 contra
1587 3212 1668 3276 tales
1692 3213 1797 3275 editas

238 3327 270 3380 et
294 3319 326 3380 in
349 3329 473 3382 statuto
497 3319 634 3384 ecclesie
657 3321 838 3404 descriptas
864 3323 1040 3386 incurreret

450 3529 493 3592 A.
523 3544 623 3612 1522,
647 3531 843 3597 Novembris
867 3550 926 3608 20,
950 3534 982 3596 in
1005 3533 1147 3615 capitulo
1171 3532 1323 3616 generali.

347 3665 459 3736 1121.
483 3671 590 3753 (VIII.
621 3673 718 3756 168⁰).
754 3672 880 3736 Ibidem
903 3674 1145 3756 deputaverunt
1168 3674 1211 3739 ad
1245 3674 1581 3738 conventionem
1615 3681 1656 3736 et
1690 3673 1796 3734 sino·

236 3775 326 3839 dum
348 3779 662 3859 provincialem
686 3801 778 3862 prox.
796 3779 1025 3844 celebrandam
1042 3783 1244 3863 equitaturos
1260 3801 1368 3848 vener.
1387 3780 1470 3843 dnos
1491 3778 1657 3842 Andream
1674 3777 1796 3841 Crzicz·

233 3883 297 3964 sky
321 3887 521 3966 prepositum
545 3899 578 3950 et
602 3885 783 3952 Iohannem
819 3887 952 3969 Gorslry
987 3887 1251 3950 archidiaconum
1282 3907 1320 3948 ac
1345 3887 1521 3949 Martinum
1545 3884 1793 3967 Swyaczic‘zslry

233 3993 424 4054 canonicum
448 3993 587 4058 Poznan.
614 4007 647 4059 et
673 3998 805 4079 negotia
829 3997 965 4059 ecclesie
989 4006 1022 4060 et
1046 3995 1177 4078 capituli
1209 3995 1272 4058 illic
1296 3993 1460 4076 agendum
1484 3995 1574 4056 iuxta
1597 3992 1793 4056 informatio·

235 4117 310 4160 nem
335 4099 414 4181 ipsis
438 4121 497 4182 per
520 4101 604 4166 dnos
627 4101 830 4166 tradendam.

446 4293 489 4359 A.
518 4309 618 4376 1522,
642 4294 840 4359 Novembris
862 4312 920 4375 24,
944 4297 977 4358 in
1000 4296 1143 4378 capitulo
1166 4296 1321 4378 generali.

345 4431 454 4502 1122.
479 4435 588 4518 (VIII.
618 4437 698 4520 169).
729 4436 856 4501 Ibidem
889 4437 965 4521 [dni]
989 4437 1228 4519 deputaverunt
1259 4440 1473 4520 equitatorum
1505 4437 1605 4500 dnum
1636 4435 1792 4500 Mathiam

226 4541 387 4624 ‘Myleslry
410 4545 441 4604 in
462 4543 690 4608 Mszczonowo
713 4545 754 4608 ad
777 4546 972 4609 visitandum
994 4545 1180 4626 ecclesiam,
1205 4565 1256 4608 res
1280 4555 1313 4608 et
1329 4544 1480 4608 clenodia
1496 4545 1578 4607 illius
1594 4544 1793 4625 conspicien-

225 4649 309 4712 dum
332 4651 541 4734 regimenque
565 4661 598 4716 et
620 4653 890 4736 gubernationem
913 4663 947 4717 et
969 4653 1000 4716 in
1025 4653 1243 4734 spiritualibus
1266 4663 1299 4714 et
1322 4651 1558 4732 temporalibus
1580 4650 1791 4713 revidendum

230 4777 269 4818 ac
293 4756 411 4820 damna
434 4779 494 4840 per
516 4767 630 4822 euntes
653 4760 702 4823 ad
725 4760 883 4823 bellum
907 4760 938 4822 in
962 4760 1056 4824 bonis
1087 4759 1224 4822 ecclesie
1247 4759 1334 4821 illata
1362 4767 1396 4820 et
1419 4757 1504 4819 facta
1527 4758 1731 4820 resciendum
1755 4767 1789 4820 et

230 4865 500 4928 conscribendum
522 4877 556 4930 et
579 4887 769 4949 quecunque
791 4867 853 4930 alia
878 4868 1074 4942 necessaria,
1099 4877 1196 4948 prout
1220 4864 1460 4936 informabitur,
1486 4863 1599 4927 iacere.

445 5076 488 5140 A.
518 5091 618 5158 1523,
643 5077 782 5142 Ianuarii
804 5095 840 5157 9,
865 5078 896 5140 in
920 5078 1073 5160 capitulo.

344 5215 453 5284 1123.
477 5217 580 5302 (VIlI.
611 5221 724 5300 171)..
749 5219 868 5284 Vener.
893 5221 988 5284 dni..
1013 5221 1129 5303 prelati
1151 5230 1184 5284 et
1207 5219 1353 5282 canonici
1378 5267 1409 5282 ..
1433 5218 1670 5298 deputaverunt
1694 5264 1726 5279 ..
1750 5215 1791 5276 ad

229 5324 421 5388 sinodum
453 5326 769 5407 provincialem
794 5329 825 5390 in
849 5326 1039 5391 Volborz
1063 5351 1122 5410 pro
1145 5329 1306 5391 dominica
1328 5325 1539 5409 Sexagesime
1562 5321 1789 5388 celebrandam

235 5521 296 5530 „m
300 5521 364 5526 .-—
370 5519 416 5526 ...ι-.-
420 5521 460 5526 —
464 5521 541 5528 ...η-

337 5621 355 5690 ¹)
374 5623 443 5674 Data
460 5641 484 5674 w
503 5625 643 5692 oryginale:
666 5627 731 5675 ‘Die
751 5625 856 5676 Veneris
878 5640 893 5691 3
913 5627 984 5677 Iulii«
1005 5630 1053 5693 jest
1073 5627 1165 5693 mylnq.

332 5717 428 5760 uenum.
444 5719 507 5760 medii
521 5722 569 5760 nevi
585 5720 634 5762 hist.
651 5721 712 5762 xlll.
