4416 6366
802 601 981 655 ANNORUM
1004 601 1188 657 tint-1458.
1746 621 1786 686 95

237 699 388 706 ---.-.---——
395 699 419 706 .-
439 700 464 706 -
473 699 498 704 —
507 699 565 706 ...—
573 697 771 705 -——·.—=-
776 698 834 704 ——-
840 698 897 704 -0—
992 697 1661 704 ---—-—--—-——-—-—--—-..-—.-.---.-.---.-
1669 697 1704 704 ...-
1711 699 1721 702 -

447 845 489 906 A.
520 859 613 924 1457,
637 843 827 906 Decembris
853 845 908 918 28,
932 845 962 905 in
987 844 1139 924 capitulo.

341 1003 428 1070 492.
453 1005 502 1086 (ΙΙ.
534 1005 646 1087 197)..
679 1004 799 1066 Vener.
825 1013 934 1084 patres
958 1013 991 1066 et
1015 1003 1111 1066 dni..
1145 1003 1260 1084 prelati
1284 1014 1316 1065 et
1340 1005 1486 1066 canonici
1510 1005 1646 1066 ecclesie
1671 1004 1787 1066 Pozna-

235 1114 394 1176 niensis..
418 1113 450 1174 in
475 1113 642 1192 presencia
666 1111 781 1172 Rmi..
807 1111 861 1172 dni
886 1111 1020 1172 Andree
1044 1110 1106 1190 Epi
1131 1111 1360 1174 concluserunt
1376 1123 1409 1173 et
1426 1121 1676 1181 consenserunt,
1702 1111 1789 1191 quod

234 1219 316 1282 dnus
340 1219 431 1300 Epus
455 1219 598 1300 prefatus
622 1216 706 1280 CCC
730 1237 855 1279 marcas
886 1221 949 1279 iam
974 1239 1032 1298 per
1064 1218 1156 1282 Ptem
1189 1237 1279 1280 suam
1312 1239 1372 1298 pro
1404 1219 1632 1300 redempcione
1663 1219 1790 1298 argenti

233 1328 369 1389 ecclesie
393 1327 540 1388 effective
564 1327 657 1388 datas
680 1327 764 1387 clrca
789 1325 988 1386 solucionem
1014 1325 1113 1387 debiti
1137 1345 1195 1406 per
1219 1324 1258 1385 R.
1284 1325 1386 1386 llltem
1410 1346 1470 1406 pro
1494 1337 1632 1406 argento
1656 1325 1790 1386 ecclesie

232 1454 289 1496 sue
312 1433 451 1495 Poznan.
477 1433 614 1514 obligati
638 1443 714 1494 ante
737 1433 846 1494 omnia
869 1433 1015 1514 recipiat,
1040 1431 1102 1493 fine
1126 1453 1186 1511 pro
1210 1432 1346 1494 ecclesia
1370 1432 1509 1494 Poznan.
1534 1443 1710 1494 reservato

339 1572 428 1640 493.
453 1575 555 1656 (lbid.)
580 1575 660 1638 Item
685 1574 802 1636 ibidem
827 1574 892 1636 dno
917 1573 1058 1636 Alberto
1082 1573 1186 1636 Skore
1209 1575 1365 1636 canonico
1390 1575 1518 1636 racione
1536 1575 1639 1647 studii,
1666 1575 1695 1636 in
1714 1594 1787 1654 quo,

233 1693 267 1744 ut
291 1683 412 1754 dicitur,
437 1683 467 1744 in
492 1682 581 1745 ltalia
606 1683 783 1754 continuat,
807 1691 883 1744 octo
907 1701 1032 1744 marcas
1056 1681 1196 1742 dandum
1221 1679 1444 1746 decreverunt.

447 1893 491 1956 A.
522 1896 612 1973 1458,
637 1892 745 1954 Martii
770 1909 799 1972 3,
822 1894 853 1952 in
878 1892 1031 1974 capitulo

343 2049 433 2118 494.
470 2051 519 2133 (ΙΙ.
545 2055 661 2132 200)..
698 2053 823 2114 Honor.
857 2051 939 2114 dnus
972 2053 1111 2114 Mathias
1142 2053 1316 2114 canonicus
1348 2053 1388 2114 de
1414 2052 1567 2114 mandato
1591 2052 1646 2112 dni
1670 2051 1731 2132 Epi
1755 2062 1788 2114 et

233 2159 367 2240 capituli
390 2159 527 2222 ecclesie
550 2159 693 2222 Poznan.
718 2158 873 2222 00811111
898 2179 1022 2221 marcas
1046 2159 1161 2240 pictori
1194 2180 1254 2239 pro
1281 2159 1405 2240 pictura
1436 2177 1633 2239 organorum
1661 2159 1702 2220 de
1734 2179 1788 2238 pe-

232 2267 333 2328 cuniis
357 2267 473 2347 prioris
496 2267 756 2340 contribucionls,
787 2265 827 2328 de
851 2267 967 2346 quibus
991 2266 1093 2328 tribus
1117 2267 1233 2328 marcis
1257 2267 1362 2346 ipsum
1388 2267 1487 2327 dnum
1511 2265 1667 2328 Mathiam
1691 2285 1786 2326 cano·

232 2374 338 2434 nicum
363 2373 581 2454 quitaverunt.

444 2583 486 2646 A.
518 2585 609 2663 1458,
632 2583 739 2683 Martii
764 2585 792 2658 6,
817 2585 849 2646 in
873 2583 1026 2666 capitulo

337 2741 426 2808 495.
461 2743 510 2824 (ll.
537 2744 620 2826 200).
654 2744 735 2806 Item
765 2744 881 2806 ibidem
914 2745 968 2806 dni
999 2745 1207 2826 suprascripti
1239 2744 1498 2816 declaraverunt,
1535 2744 1623 2825 quod
1656 2743 1783 2806 sculteti

229 2850 350 2913 debent
373 2849 527 2932 colligere
551 2851 694 2914 fertones
718 2852 758 2913 de
782 2852 881 2922 villis,
906 2853 936 2912 in
954 2853 1070 2932 quibus
1087 2863 1162 2915 sunt
1179 2852 1346 2926 scultecie,
1372 2862 1404 2913 et
1421 2861 1552 2932 portare
1568 2870 1641 2922 eos,
1666 2850 1783 2931 quibus

232 2957 396 3030 debentur,
422 2967 456 3020 et
480 2959 506 3020 si
530 2960 584 3040 qui
608 2958 803 3022 kmethones
828 2979 893 3020 non
918 2960 1098 3032 solverent,
1122 2961 1244 3022 debent
1268 2959 1398 3022 sculteti
1422 2958 1545 3020 deserre
1565 2959 1606 3019 ad
1631 2957 1783 3020 noticiam

230 3064 429 3145 principalis,
466 3066 516 3126 cui
550 3065 724 3143 debentur;
759 3063 802 3126 bii
837 3086 916 3128 vero
950 3067 1071 3129 debent
1105 3069 1292 3147 promittere
1323 3085 1496 3146 processus
1520 3065 1561 3126 ad
1585 3065 1782 3126 monendum

229 3169 423 3234 kmethones
447 3182 480 3235 et
504 3172 644 3252 exigere.
691 3169 826 3235 Sculteti
858 3184 966 3236 tamen
991 3173 1096 3236 solum
1122 3173 1275 3256 colligere
1299 3172 1420 3236 debent
1444 3185 1477 3236 et
1501 3184 1632 3254 portare
1655 3191 1715 3234 nec
1739 3171 1780 3233 ad

227 3277 364 3358 ampIIus
387 3277 582 3359 obligantur.
631 3277 665 3341 Si
687 3290 796 3342 autem
822 3283 923 3343 mansi
946 3281 1094 3344 colentur
1117 3301 1175 3361 per
1199 3279 1411 3354 kmethones,
1436 3291 1513 3344 tunc
1537 3279 1674 3352 debent,
1699 3281 1781 3342 sicut

225 3383 275 3446 alii
299 3383 494 3446 kmethones
517 3387 675 3447 convicini
699 3405 811 3448 eorum
836 3387 912 3448 dare
935 3386 1094 3448 decimam
1119 3386 1170 3447 vel
1195 3385 1346 3448 fertones
1379 3385 1414 3446 In
1440 3406 1504 3467 qua
1528 3405 1625 3447 causa
1649 3384 1776 3446 suerunt

224 3491 307 3554 dnus
331 3489 483 3554 Clemens
506 3491 547 3554 de
571 3492 744 3556 Drzevicza
771 3494 946 3555 canonicus
977 3504 1010 3556 et
1043 3493 1200 3555 scultetus
1233 3493 1273 3554 de
1304 3491 1473 3568 BandIIn0,
1506 3493 1589 3555 inter
1621 3511 1703 3572 quos
1731 3502 1782 3555 est

228 3597 336 3661 taliter
358 3598 568 3662 declaratum.

442 3792 486 3854 A.
516 3795 607 3872 1458,
630 3791 709 3854 Iunii
736 3810 786 3872 30,
810 3795 842 3854 in
866 3794 1009 3874 capitulo
1033 3793 1186 3875 generali.

335 3949 423 4018 496.
449 3951 499 4033 (ΙΙ.
526 3956 645 4032 203)..
671 3955 774 4018 Rmus
789 4005 816 4018 ..
842 3956 924 4018 dnus
948 3955 1097 4018 Andreas
1122 3956 1151 4017 d.
1176 3976 1207 4036 g.
1233 3955 1324 4034 Epus
1348 3973 1475 4016 necnon
1496 3974 1604 4016 vener.
1621 3963 1732 4033 patres
1748 3966 1780 4016 et

227 4059 281 4120 dni
305 4059 460 4122 Nicolaus
484 4061 735 4136 archidiaconus,
759 4063 872 4126 Petrus
896 4074 1018 4135 cantor,
1046 4063 1201 4126 Nicolaus
1225 4073 1344 4136 custos,
1369 4060 1548 4124 Stanislaus
1572 4059 1780 4138 Srzemensis‚

227 4166 423 4229 Vincencius
447 4167 647 4230 Pczewensis
671 4167 895 4243 archidiaconi,
927 4169 1088 4232 Iohannes
1112 4169 1329 4243 cancellarius,
1361 4168 1493 4242 Hector,
1526 4167 1685 4242 Clemens,
1718 4167 1782 4228 Ma·

227 4273 319 4346 thias,
337 4271 569 4348 Twardowski,
586 4273 811 4356 Sandivogius,
828 4275 983 4358 Chibsky,
1000 4275 1214 4358 Rogalinslry,
1228 4275 1407 4338 Stanislaus
1420 4275 1588 4346 Kokoslra,
1602 4273 1781 4355 Slrothsky,

226 4379 422 4460 Wyslrotha,
446 4381 600 4444 Nicolaus
625 4381 799 4462 Spiczmiri,
824 4383 961 4444 Iacobus
985 4383 1225 4464 Wigonowsky
1243 4384 1357 4455 senior,
1383 4403 1464 4464 mgr.
1481 4382 1643 4454 Nicolaus,
1668 4381 1780 4443 Petrus

227 4486 377 4568 Bardslry
402 4499 434 4550 et
458 4488 595 4550 Iacobus
619 4489 892 4569 Dominikowsky
917 4491 1031 4570 prelati
1055 4501 1088 4554 et
1111 4491 1257 4552 canonici
1281 4490 1416 4552 ecclesie
1440 4489 1577 4552 Poznan.
1603 4489 1778 4569 capitulum

227 4595 399 4674 generale.
415 4645 421 4657 .
440 4595 652 4670 celebrantes,
677 4598 880 4677 questionem
898 4598 981 4660 inter
997 4598 1265 4661 molenditatores
1282 4598 1314 4658 in
1331 4595 1538 4678 Cyssowicze
1554 4607 1587 4659 et
1603 4595 1779 4658 Thomicze

224 4703 464 4781 suspenderunt
486 4703 528 4764 ad
551 4723 735 4785 regressum
761 4704 877 4766 nobilis
902 4703 1123 4786 Thomiczsky
1147 4705 1187 4766 de
1211 4703 1308 4766 bello.

439 4913 485 4974 A.
514 4917 605 4993 1458,
630 4913 698 4976 Iulii
727 4932 751 4988 1,
776 4916 808 4976 in
831 4915 974 4996 capitulo
998 4915 1151 4998 generali.

334 5050 423 5118 497.
448 5055 498 5136 (ΙΙ.
528 5057 608 5135 103).
632 5055 713 5119 Item
737 5057 975 5132 concluserunt,
1000 5059 1086 5138 quod
1111 5057 1236 5139 capella
1260 5057 1444 5138 capitularis
1467 5067 1597 5139 aptetur
1621 5077 1680 5137 pro
1705 5056 1778 5118 loco

224 5159 429 5224 librarie
449 5173 482 5225 et
505 5163 629 5242 capella
654 5164 763 5226 altaris
788 5184 813 5226 s
842 5163 966 5245 Zophie
990 5185 1049 5244 pro
1076 5165 1150 5226 loco
1174 5164 1340 5244 capitulari
1365 5173 1505 5244 aptetur.

438 5355 481 5418 A.
512 5357 603 5434 1458,
628 5355 695 5418 Iulii
718 5374 748 5434 4,
772 5357 803 5418 in
829 5357 970 5438 capitulo
995 5355 1146 5439 generali.

334 5510 422 5578 498.
459 5515 506 5595 (Il.
532 5517 652 5595 204)..
689 5517 753 5577 Dni
785 5527 903 5590 custos
935 5517 1142 5592 Pczewensis,
1174 5529 1288 5579 cantor
1311 5529 1344 5580 et
1368 5517 1508 5580 Mathias
1532 5518 1679 5598 deputati
1703 5527 1777 5580 sunt

223 5621 265 5686 ad
289 5621 482 5684 audiendum
508 5625 670 5686 racionem
694 5625 945 5687 contribucionis
973 5645 1031 5708 per
1054 5625 1154 5687 dnum
1185 5623 1422 5710 Twardowslry
1455 5625 1603 5702 collecte,
1633 5625 1778 5690 similiter
