4390 6368
808 576 987 630 ANNORUM
1008 577 1193 633 1517-1519.

227 667 534 680 h-—nn-n——u—-q--—
547 673 583 678 ·—-·-
595 675 601 678 -
623 673 676 678 --—--
691 674 700 676 -
727 673 741 678 -ι
753 673 780 678 -v-
815 673 848 678 ...-
1005 673 1146 679 —-—-=—------
1245 673 1304 678 ι-ι-ι
1317 673 1372 677 -—-—-
1390 673 1408 676 —
1420 673 1434 677 -
1446 673 1471 677 *-
1481 673 1781 680 ————-——-—-—-—-—-

436 793 479 856 A.
509 796 607 873 1518,
633 791 828 856 Novembris
856 810 910 866 10,
934 793 965 854 in
988 793 1131 874 capitulo
1155 792 1309 874 generali.

336 931 446 1000 1070.
471 935 568 1018 (Vlll.
591 935 658 1014 91).
692 935 935 1016 Capitulum
971 934 1174 1017 generale
1212 955 1272 1014 pro
1305 934 1389 996 festo
1413 955 1436 997 s.
1461 935 1589 996 Martini
1615 982 1643 996 ..
1668 954 1778 997 vener.

226 1041 279 1104 dni
304 1042 483 1105 Anzelmus
506 1023 547 1104 de
571 1041 720 1103 Lulrowo
744 1052 871 1114 cantor,
895 1042 1057 1104 lohannes
1081 1041 1289 1123 Slavycnslcy
1313 1041 1558 1103 archidiaconus
1581 1041 1781 1113 PczevensiS,

227 1149 381 1212 Andreas
394 1148 618 1230 Czyesyelslcy
635 1149 860 1221 cancellarius
884 1149 942 1210 lob
966 1149 1203 1229 Roszlrowslcy.
1229 1148 1455 1230 Sigismundus
1479 1149 1519 1210 de
1543 1147 1781 1229 Camyenyecz,

227 1256 382 1320 Nicolaus
406 1255 541 1336 Olesky‚
565 1255 723 1318 Albertus
746 1255 989 1336 Pakoslawslcy,
1014 1257 1159 1318 Thomas
1185 1255 1456 1336 Goczalkowsky,
1480 1255 1640 1318 Iohannes
1664 1256 1783 1318 Lancz-

224 1365 297 1444 sky,
321 1363 475 1426 Andreas
501 1362 749 1442 Naramowsky,
784 1361 946 1426 lohannes
983 1363 1196 1426 Charbowsld
1232 1363 1439 1425 decretorum
1475 1362 1591 1424 doctor
1625 1361 1778 1434 officialis

223 1469 337 1532 Petrus
363 1470 571 1551 Gunyczsky,
607 1469 762 1532 Nicolaus
786 1469 1022 1551 lactorowsky,
1058 1471 1217 1534 Albertus
1241 1469 1504 1552 Gwyasdowsky
1529 1469 1683 1544 1011101113,
1715 1471 1783 1532 An·

225 1576 319 1638 dreas
342 1575 571 1658 Grodziczslry,
607 1577 724 1638 doctor
744 1577 775 1638 in
801 1579 982 1652 medicinis,
1018 1577 1180 1640 Iohannes
1204 1577 1421 1658 Rybyenslcy,
1456 1577 1617 1638 lohannes
1642 1576 1783 1658 Volsky,

226 1684 422 1746 Valentinus
446 1684 645 1765 Cucharslry‚
681 1684 875 1746 Benedictus
899 1685 1123 1768 stbyenslry
1148 1697 1181 1748 et
1206 1686 1364 1746 Martinus
1389 1683 1637 1764 Swyacziczslcy
1662 1683 1728 1744 XX
1752 1685 1782 1745 in

224 1811 358 1854 numero
382 1792 597 1855 interfuerunt
621 1802 655 1854 et
679 1801 770 1853 erant
793 1802 973 1871 presentes

437 2009 479 2073 A.
509 2012 609 2090 1518,
634 2010 829 2073 Novembris
853 2026 910 2084 22,
936 2013 969 2072 in
993 2011 1136 2091 capitulo
1160 2010 1313 2092 generali.

336 2149 446 2218 1071.
470 2150 575 2233 (VIII.
599 2152 675 2234 93⁰).
700 2151 751 2214 De
774 2152 862 2214 silvis
886 2161 918 2213 et
942 2151 1046 2214 horris
1070 2151 1259 2214 excidendis
1283 2163 1315 2214 et
1339 2151 1560 2216 defendendis.
1586 2191 1626 2199 -
1652 2151 1778 2216 Ibidem

225 2258 279 2320 dni
303 2259 420 2340 prefati
443 2259 637 2321 adherentes
662 2261 792 2322 statutis
816 2259 952 2322 ecclesie
967 2271 1009 2322 ‘et
1034 2260 1175 2342 antiquis
1200 2258 1486 2322 consuetudinibus
1509 2259 1703 2322 adherentes
1729 2249 1783 2322 de—

226 2377 411 2440 creverunt,
435 2377 472 2428 ut
496 2368 775 2447 quotienscunque
799 2367 913 2448 aliquis
938 2389 980 2428 ex
1003 2368 1076 2430 dnis
1100 2387 1160 2446 pro
1184 2387 1219 2428 se
1242 2365 1295 2428 vel
1318 2366 1477 2446 aliquibus
1501 2387 1543 2428 ex
1567 2367 1704 2430 subditis
1728 2366 1783 2428 vil-

227 2473 328 2534 larum
353 2475 401 2536 sui
424 2474 588 2554 regiminis
624 2473 832 2535 donationem
868 2474 1022 2536 roborum
1046 2495 1106 2554 pro
1130 2472 1262 2534 edificiis
1285 2473 1338 2535 vel
1362 2473 1521 2554 lignorum
1547 2493 1606 2554 pro
1631 2474 1702 2535 foro
1727 2472 1784 2534 do-

226 2601 296 2642 mus
320 2579 371 2642 vel
395 2581 497 2661 predii
521 2581 568 2642 sui
593 2581 830 2661 impetraverit,
856 2581 928 2644 talis
953 2581 1091 2662 receptis
1115 2581 1228 2643 litteris
1253 2579 1437 2642 donationis
1460 2600 1480 2642 a
1503 2583 1631 2642 notario
1649 2579 1780 2660 capituli

226 2687 359 2750 casdem
384 2689 511 2769 regenti
542 2687 702 2749 bonorum
737 2687 864 2749 illorum
888 2699 943 2750 aut
967 2707 1026 2749 suo
1062 2688 1263 2770 procuratori
1287 2686 1337 2748 vel
1362 2687 1591 2768 vicesgerenti,
1627 2687 1679 2748 ubi
1704 2685 1780 2748 talia

226 2793 315 2875 ligna
338 2793 390 2856 vel
414 2795 533 2856 robora
557 2795 738 2856 consistunt
762 2795 944 2878 impetrata,
979 2795 1117 2874 primum
1151 2807 1339 2873 presentare
1375 2795 1553 2863 tenebitur.
1593 2794 1781 2875 quiquidem

226 2900 345 2976 factor,
371 2913 547 2982 postquam
572 2902 678 2962 locum
703 2901 877 2962 excisionis
901 2901 944 2962 illi
968 2901 1020 2962 vel
1044 2902 1104 2963 illis
1128 2901 1327 2982 designabit,
1361 2901 1402 2962 ibi
1427 2901 1558 2963 tandem
1590 2901 1662 2964 talis
1687 2902 1785 2981 impe-

225 3018 315 3070 trans
339 3019 371 3070 et
396 3029 461 3069 non
484 3009 559 3070 alibi
584 3009 734 3070 excidere
758 3009 891 3070 debebit
913 3009 973 3070 sub
998 3029 1083 3087 pena
1107 3011 1198 3070 unius
1223 3008 1374 3081 10110013,
1399 3028 1459 3070 3011
1475 3029 1521 3090 gr.
1545 3008 1697 3070 videlicet
1723 3027 1783 3087 pro

225 3115 368 3196 capitulo
392 3125 425 3178 et
449 3136 509 3177 sex
532 3136 578 3196 gr.
603 3135 663 3196 pro
688 3125 824 3196 regente
847 3115 975 3176 illorum
999 3115 1159 3176 bonorum
1185 3135 1242 3194 per
1266 3115 1463 3176 contrarium
1488 3113 1644 3176 facientes
1662 3115 1785 3177 totiens

226 3223 377 3302 quotiens
402 3222 580 3300 solvendis3
604 3222 756 3302 probatio
780 3242 858 3284 vero
882 3242 942 3302 pro
967 3233 1101 3304 regente
1133 3243 1172 3284 ex
1197 3223 1430 3284 constitutione
1465 3222 1603 3284 dnorum
1628 3223 1782 3284 iuramen-

226 3339 295 3390 tum
320 3329 478 3391 factorum
502 3328 648 3393 sufficiet.

441 3548 484 3610 A.
513 3549 612 3628 1518,
636 3549 826 3612 Decembris
850 3563 879 3630 7,
904 3550 935 3610 in
959 3549 1111 3630 capitulo.

339 3687 451 3756 1072.
478 3690 575 3772 (VIll.
593 3691 655 3773 95).
682 3691 807 3754 Ibidem
826 3691 901 3776 [dni]
919 3692 1131 3754 decreverunt
1148 3703 1181 3753 et
1198 3691 1338 3753 dandum
1355 3689 1421 3752 dno
1438 3689 1638 3770 procuratori
1655 3689 1786 3770 capituli

228 3801 460 3861 commiserunt
483 3797 517 3861 II
542 3818 666 3860 marcas
701 3800 908 3878 pecuniarum
932 3819 1039 3860 vener.
1064 3799 1129 3860 dno
1154 3797 1291 3859 Iohanni
1326 3797 1552 3876 Charbowsky
1578 3797 1784 3858 decretorum

226 3905 353 3968 doctori
390 3907 514 3968 ratione
550 3906 788 3988 diligentiarum
813 3907 844 3966 in
882 3905 1176 3967 rescribendis
1201 3905 1386 3966 statutis
1416 3924 1459 3966 ex
1483 3904 1615 3968 diversis
1643 3903 1784 3965 metricis

226 4011 358 4093 capituli
382 4022 414 4074 et
438 4013 569 4074 tandem
595 4014 718 4075 ratione
743 4014 947 4075 servitiorum
971 4013 1001 4072 in
1027 4013 1166 4092 negotiis
1195 4011 1330 4072 ecclesie
1354 4010 1446 4072 lactis
1470 4009 1640 4092 adhucque
1664 4009 1780 4070 sacien-

226 4117 291 4191 dis,
316 4129 413 4198 prout
436 4120 469 4180 in
492 4119 715 4182 descrihendis
739 4130 771 4180 et
795 4121 933 4198 primum
956 4119 1154 4199 inquirendis
1178 4139 1219 4179 ex
1245 4120 1385 4180 metricis
1417 4117 1574 4197 primariis
1598 4118 1684 4179 taxis
1709 4137 1783 4197 pen·

226 4227 372 4300 sionum,
394 4225 435 4287 ad
459 4225 547 4307 quod
571 4225 711 4288 eundem
735 4225 854 4287 ibidem
879 4225 1118 4306 deputaverunt
1142 4235 1175 4287 et
1199 4235 1395 4306 rogaverunt
1420 4223 1610 4285 faciendum.

442 4435 487 4497 A.
517 4451 615 4516 1519,
640 4437 764 4518 Aprilis
794 4454 847 4511 11,
872 4437 905 4498 in
930 4436 1081 4517 capitulo.

338 4573 448 4642 1073.
473 4577 578 4661 (Vlll.
606 4579 693 4658 101⁰)
714 4625 741 4640 ..
766 4578 884 4642 Vener.
908 4579 991 4642 dnus
1015 4577 1178 4641 lohannes
1203 4579 1243 4640 de
1268 4577 1452 4642 Charbowo
1477 4577 1683 4638 decretorum
1707 4575 1785 4638 doc-

228 4695 281 4747 tor
303 4683 449 4746 officialis
472 4705 514 4746 ex
539 4687 669 4746 nomine
692 4685 747 4746 dni
771 4685 846 4746 Rmi
870 4685 933 4764 Epi
957 4686 1094 4746 Poznan.
1119 4687 1319 4765 presentavit
1344 4697 1411 4746 tres
1435 4683 1549 4745 anulos
1571 4703 1686 4745 aureos
1711 4701 1785 4744 cum

227 4791 367 4872 zaphiris
390 4791 509 4854 valoris
534 4791 591 4853 CL
615 4791 681 4853 flor.
706 4812 816 4852 coram
852 4793 924 4854 clnis
956 4813 1013 4872 per
1044 4795 1149 4872 ipsum
1186 4793 1305 4852 Rmum
1342 4791 1439 4852 dnum
1476 4790 1583 4869 Epum
1608 4810 1668 4869 pro
1692 4809 1788 4850 cruce

228 4919 326 4961 aurea
349 4898 552 4980 disponenda
575 4899 616 4960 ad
640 4899 808 4960 ecclesiam
833 4899 990 4972 11000103,
1022 4919 1105 4980 quos
1130 4898 1248 4960 ibidem
1282 4899 1365 4960 dnus
1390 4896 1553 4959 lohannes
1578 4895 1618 4957 de
1642 4895 1786 4958 Thulisz-

228 5005 305 5067 kow
329 5006 512 5068 vicecustos
535 5005 576 5066 ad
600 5007 794 5067 servandum
817 5009 952 5086 accepit.

444 5214 488 5278 A.
519 5231 615 5296 1519,
643 5213 716 5277 Iulii
745 5233 797 5292 11,
821 5215 852 5276 in
877 5215 1018 5296 capitulo
1043 5216 1194 5297 generali.

342 5353 452 5422 1074.
477 5356 582 5438 (vrri.
612 5358 690 5438 105).
726 5355 853 5419 Ibidem
889 5358 1004 5437 prelati
1039 5359 1092 5420 dni
1117 5360 1329 5421 decreverunt
1365 5377 1473 5419 vener.
1509 5357 1575 5418 dno
1611 5319 1790 5417 Benedict'o

229 5463 438 5545 Isdbyensky
471 5464 512 5525 ad
547 5463 723 5526 Italiam
759 5464 800 5525 ad
831 5465 973 5526 studium
1008 5466 1159 5546 generale
1194 5466 1281 5527 eunti
1313 5465 1491 5526 subsidium
1515 5465 1606 5524 iuxta
1630 5473 1788 5525 statutum

229 5569 270 5633 de
294 5570 499 5634 studentibus
523 5572 662 5644 editum,
686 5570 865 5634 dummodo
891 5572 1017 5635 litterae
1042 5572 1318 5653 significatoriales
1342 5570 1538 5644 submiserit,
1562 5569 1712 5630 dandum.

337 5683 432 5723 nonum.
448 5681 512 5722 maun
526 5682 574 5722 aevi
589 5682 638 5725 101.
655 5683 722 5723 1011.
1602 5673 1636 5726 27
