4416 6366
450 601 510 670 170
958 589 1052 640 ac‘rn
1070 588 1234 642 carnum
1254 588 1508 642 rozuarnsnsrs

445 683 636 689 m—-a—-w-
645 681 847 689 -..ῳ-ψ
858 683 950 690 --——.
965 685 1313 692 ...--—-.—.—-.-.—.....-...
1623 685 2000 696 -η--υ-..η--ι-η-..ῄ

442 803 519 866 dum
542 811 725 866 statuerunt
760 815 794 866 et
827 804 1039 868 decreverunt
1075 808 1106 867 in
1143 807 1409 888 matriculamque
1444 816 1631 887 presentem
1667 806 1795 870 inscribi
1834 817 1866 870 et
1901 809 1996 870 inseri

443 910 693 985 mandaverunt,
719 913 937 994 cuiusquidem
962 914 1074 977 statuti
1097 923 1192 976 tenor
1216 914 1256 976 de
1281 913 1382 976 verbo
1406 915 1446 976 ad
1471 914 1605 976 verbum
1629 916 1774 995 sequitur
1796 925 1830 976 et
1846 929 1896 978 est
1913 914 2001 978 talis:

549 1017 790 1100 Sbigneus
814 1019 875 1082 Dei
899 1021 1008 1100 gracia
1031 1041 1055 1082 s.
1080 1021 1217 1082 ecclesie
1241 1019 1361 1082 Gnezn.
1385 1020 1557 1100 archiepus
1581 1031 1614 1082 et
1639 1022 1760 1101 primas
1784 1021 2001 1102 significamus

442 1134 557 1188 tenore
581 1127 800 1207 presencium,
824 1128 940 1208 quibus
964 1128 1113 1208 expedit,
1139 1129 1312 1200 universis,
1337 1127 1504 1210 quomodo
1528 1129 1612 1190 Inter
1634 1126 1696 1190 alia
1720 1128 1881 1191 sinodi
1906 1150 2000 1210 pro-

442 1233 762 1297 vincialistam
786 1235 817 1296 in
842 1233 1094 1316 Pyotrkow
1119 1255 1216 1317 quarn
1241 1237 1272 1298 in
1297 1235 1999 1316 Lanciczapernoscelebrateedicta

442 1341 570 1422 publica
594 1352 627 1403 et
651 1351 773 1404 statuta
797 1341 837 1402 de
862 1343 1024 1404 communi
1050 1344 1193 1404 omnium
1219 1343 1356 1404 dnorum
1392 1343 1664 1423 coepiscoporum
1689 1353 1873 1404 nostrorum
1898 1343 2001 1424 singu-

442 1447 611 1529 lorumque
635 1448 834 1528 prelatorum
858 1459 891 1510 et
915 1449 1130 1529 capitulorum
1155 1461 1222 1512 tarn
1246 1450 1437 1512 secularium
1468 1468 1565 1530 quam
1589 1449 1815 1530 religiosorum
1839 1429 1999 1512 consensu

441 1565 474 1618 et
497 1555 665 1618 voluntate
701 1555 884 1628 decretum,
921 1555 1126 1628 conclusum,
1162 1556 1326 1618 laudatum
1362 1567 1395 1617 et
1419 1555 1588 1618 diffinitum
1624 1556 1750 1628 existit,
1786 1557 1874 1636 quod
1910 1558 1999 1618 iuxta

443 1660 712 1744 [dispositionem]
738 1663 916 1724 statuti
942 1663 1267 1742 provincIalis
1291 1663 1332 1725 de
1356 1663 1522 1724 solucione
1545 1661 1740 1724 decImarum
1765 1663 1851 1735 editi,
1875 1665 1901 1724 si
1925 1681 1998 1724 con-

441 1769 561 1848 tingat.
598 1769 685 1851 quod
709 1769 821 1850 aliquis
858 1769 973 1830 nobilis
998 1770 1064 1830 iure
1088 1771 1233 1850 gaudens
1269 1770 1396 1832 militari
1432 1770 1675 1850 possessionem
1699 1789 1755 1832 seu
1788 1769 1999 1832 hereditatem

441 1875 597 1956 aliquam,
623 1876 654 1936 in
681 1896 744 1956 qua
769 1875 933 1938 inferiores
958 1895 1097 1957 persone
1126 1896 1182 1938 seu
1211 1877 1406 1940 kmethones
1429 1877 1623 1950 residebant,
1649 1897 1708 1956 pro
1734 1878 1845 1957 predio
1869 1877 2001 1951 coleret,

441 1981 521 2055 talis,
546 1983 763 2062 cuiuscunque
787 1983 982 2044 conditionis
1006 1993 1038 2046 et
1063 1985 1295 2062 preeminentie
1326 1984 1462 2056 existat,
1494 1985 1568 2046 illuc
1593 1994 1744 2047 teneatur
1766 1984 1894 2046 solvere
1918 1985 2001 2046 deci·

441 2108 544 2161 mam,
568 2089 623 2151 ubi
645 2109 716 2152 eam
748 2109 888 2171 persone
921 2092 990 2171 ipse
1019 2090 1185 2153 inferiores
1215 2112 1272 2153 seu
1304 2089 1499 2153 kmethones
1535 2091 1718 2164 solverunt,
1754 2103 1787 2154 et
1811 2100 1943 2152 econtra
1974 2092 2000 2153 si

441 2195 523 2258 tales
546 2195 711 2260 inserIores
736 2216 876 2278 persone
908 2215 965 2258 seu
989 2196 1184 2260 kmethones
1219 2196 1432 2260 hereditatem
1464 2218 1520 2260 seu
1551 2217 1650 2279 agros
1685 2196 1845 2277 prediales
1868 2196 2000 2259 alicuius

441 2301 557 2364 nobilis
581 2314 614 2365 et
638 2303 754 2377 militis,
780 2323 973 2385 quocunque
991 2303 1090 2365 modo
1107 2304 1213 2366 colere
1230 2305 1419 2385 contigerit,
1444 2305 1531 2384 quod
1548 2305 1708 2366 decimam
1725 2303 1852 2366 solvere
1868 2313 2000 2366 tenean-

440 2419 492 2472 tur
517 2410 559 2471 illi
583 2411 720 2473 ecclesie
744 2432 800 2474 seu
825 2411 1007 2493 prebende,
1042 2411 1092 2472 cui
1116 2411 1260 2473 eiusdem
1292 2411 1481 2474 hereditatIs
1515 2433 1572 2473 seu
1606 2413 1822 2491 possessionis
1847 2411 1999 2492 predialis

440 2515 565 2579 decIma
599 2517 799 2600 abantiquo
835 2529 885 2582 est
922 2520 1065 2598 ascripta
1089 2529 1121 2580 et
1146 2539 1204 2598 per
1227 2520 1333 2600 ipsum
1358 2518 1500 2580 nobilem
1524 2519 1721 2581 solvebatur.
1767 2517 1997 2600 Quodquidem

439 2623 606 2686 decretum
628 2623 791 2687 laudatum
816 2635 849 2688 et
873 2633 1030 2688 statutum
1054 2623 1095 2686 ab
1120 2625 1270 2688 omnibus
1306 2625 1377 2687 dnis
1409 2626 1613 2706 coepiscopis
1638 2637 1670 2688 et
1693 2625 1762 2687 allis
1798 2625 1999 2688 inferioribus

439 2731 571 2811 prelatis
596 2733 789 2794 unanimiter
812 2741 863 2796 est
886 2731 1106 2812 approbatum
1130 2743 1164 2793 et
1187 2741 1400 2812 assumptum.
1447 2732 1482 2793 In
1506 2733 1596 2794 cuius
1621 2733 1665 2794 rei
1690 2733 1911 2796 testimonium
1936 2753 1996 2794 nos

439 2849 608 2919 presentes
631 2837 755 2902 litteras
779 2838 845 2901 fieri
870 2849 903 2902 et
927 2838 1020 2919 sigilli
1047 2841 1147 2901 nostri
1171 2841 1374 2919 appensione
1398 2839 1547 2901 iussimus
1571 2840 1772 2902 communiti.

653 2995 696 3059 A.
726 3011 823 3078 1500,
848 2997 916 3059 Iulii
946 3015 999 3075 14,
1025 2998 1057 3060 ln
1081 2997 1235 3079 capitulo

551 3135 638 3204 911.
664 3139 732 3214 (VI.
761 3140 816 3219 17).
834 3139 958 3201 Ibidem
975 3139 1091 3220 prelati
1107 3138 1161 3201 dni
1178 3140 1370 3202 mandarunt
1388 3140 1633 3220 preconsulibus
1649 3150 1682 3202 et
1698 3139 1884 3202 consulIbus
1908 3140 1999 3220 oppi-

439 3246 553 3308 dorum
579 3266 708 3308 suorum
741 3245 960 3310 Walischcwo
985 3260 1017 3310 et
1041 3247 1182 3321 Ostrow,
1219 3257 1253 3310 ut
1278 3249 1308 3308 in
1333 3247 1552 3310 WaIIschewo
1588 3259 1727 3328 quatuor
1750 3258 1783 3310 et
1808 3247 1839 3308 in
1865 3245 1997 3310 Ostrow

438 3353 521 3416 duos
544 3353 698 3416 custodes
722 3363 866 3416 armatos
901 3355 1035 3435 singulis
1060 3355 1209 3418 noctibus
1242 3356 1421 3436 deputent,
1455 3356 1509 3436 qui
1535 3355 1719 3417 custodiant
1743 3365 1776 3418 et
1800 3356 1998 3417 circumeant

438 3461 634 3542 aliquotiens
657 3482 716 3542 per
741 3471 871 3523 noctem
907 3461 1078 3524 ecclesiam
1109 3462 1247 3524 Poznan.
1271 3483 1309 3524 ac
1334 3463 1450 3525 domos
1485 3464 1688 3525 canonicales
1712 3473 1744 3526 et
1769 3461 1936 3524 vicariales
1959 3481 1997 3522 ac

438 3589 513 3630 suas
536 3579 612 3630 ante
637 3579 669 3630 et
694 3580 799 3640 retro,
824 3579 857 3630 et
881 3579 915 3629 ut
940 3569 1045 3630 eidem
1071 3569 1279 3648 preconsules
1303 3579 1336 3632 et
1360 3570 1511 3632 consules
1543 3571 1677 3651 singulis
1701 3569 1874 3651 oppidanis
1898 3579 1931 3631 et
1954 3568 1998 3629 in·

438 3675 518 3737 colis
541 3675 700 3737 dictorum
725 3674 921 3757 oppidorum
945 3676 1101 3737 mandent
1124 3687 1157 3738 et
1183 3677 1363 3757 precipiant
1387 3678 1447 3738 sub
1473 3677 1566 3757 penis
1589 3679 1673 3738 inter
1697 3697 1755 3739 eos
1771 3675 1869 3758 inliigi
1886 3675 1998 3749 solitis,

437 3792 473 3845 ut
495 3785 526 3844 in
551 3783 684 3865 singulis
708 3782 859 3845 domibus
882 3801 966 3863 aque
990 3803 1087 3862 supra
1111 3782 1228 3845 domos
1252 3794 1285 3846 et
1308 3783 1392 3845 lrnler'
1412 3783 1593 3846 habeantur
1609 3785 1712 3866 parati
1729 3793 1762 3846 et
1779 3785 1810 3844 ln
1828 3792 1993 3863 promptu.

651 3959 694 4022 A.
724 3973 818 4040 1500,
843 3959 986 4042 Augusti
1015 3977 1061 4038 13.

545 4098 631 4166 912.
655 4102 722 4184 (Vl.
752 4101 823 4181 17⁰).
847 4102 908 4163 Die
925 4101 1010 4164 Iovis
1026 4099 1169 4164 XIII-ma
1186 4122 1226 4163 m.
1243 4099 1386 4182 Augusti
1409 4103 1612 4164 venerandus
1637 4101 1714 4163 olim
1738 4102 1819 4163 dnus
1838 4101 1992 4163 Nicolaus

436 4207 477 4270 de
501 4207 619 4270 Scudla
643 4207 847 4270 decretorum
871 4209 986 4270 doctor
1010 4210 1160 4290 egregius
1182 4219 1214 4270 ct
1239 4211 1399 4290 practicus
1425 4209 1546 4289 peritus
1570 4208 1816 4272 archidiaconus
1832 4207 1996 4271 Srzemen·

437 4316 479 4378 sis
503 4318 535 4378 in
559 4315 697 4378 ecclesia
733 4317 871 4377 Poznan.
897 4318 1109 4377 sacramentis
1144 4315 1323 4378 Eucaristie
1355 4327 1388 4378 et
1411 4315 1585 4379 Unctionis
1619 4328 1765 4379 extreme
1800 4327 1990 4397 procuratus

436 4424 535 4484 vitam
559 4443 651 4484 suam
676 4422 879 4484 laudabiliter
902 4423 982 4484 hora
1005 4421 1132 4484 decima
1156 4433 1272 4485 octava
1296 4425 1327 4484 iu
1352 4423 1451 4485 domo
1475 4445 1531 4485 sua
1556 4444 1657 4504 penes
1681 4425 1802 4486 curiam
1827 4425 1994 4504 episcopa·

436 4527 499 4590 lem
523 4529 565 4591 ad
589 4531 693 4609 ipsam
717 4529 888 4591 ecclesiam
912 4529 1050 4591 Poznan.
1075 4531 1136 4591 sita
1159 4529 1260 4592 linivit
1285 4539 1318 4591 ct
1342 4529 1432 4591 LXII
1456 4531 1620 4592 volumina
1642 4531 1796 4592 librorum
1814 4528 1996 4610 infrascrIp·

436 4647 542 4698 torum
567 4636 839 4698 testamentaliter
861 4636 948 4698 dicte
973 4637 1108 4699 ecclesie
1132 4637 1270 4698 Poznan.
1295 4637 1428 4700 donavit
1452 4657 1490 4698 ac
1514 4637 1634 4720 legavit
1659 4635 1701 4699 A.
1725 4637 1765 4701 D.
1792 4637 1874 4700 MD:
1911 4637 1992 4699 Item

436 4742 604 4805 fasciculus
628 4753 814 4824 temporum
838 4763 911 4804 cum
936 4742 1076 4805 consiIiis
1095 4742 1244 4806 Abbatis.
1262 4781 1304 4789 —
1322 4744 1404 4806 Item
1428 4743 1522 4826 glosa
1546 4765 1643 4825 super
1659 4743 1880 4807 Clementinas
1896 4743 1991 4807 Siculi

434 4849 571 4913 abbatis.
599 4887 636 4895 —
662 4850 744 4914 Item
769 4851 850 4912 liber
873 4859 1007 4932 quartus
1032 4849 1194 4912 Francisci
1219 4851 1259 4912 de
1284 4850 1440 4913 Zabarelli
1466 4871 1563 4932 super
1587 4862 1702 4932 quarto
1720 4851 1990 4913 Decretalium.—

435 4955 517 5018 Item
542 4957 727 5020 Decretalia
762 4958 793 5020 in
819 4977 1019 5038 pergameno
1050 4957 1180 5039 scripta.
1209 4993 1253 5002 ——
1278 4957 1359 5020 Item
1392 4959 1525 5021 consilia
1554 4957 1697 5022 Oldradi.
1724 4995 1765 5004 -
1790 4958 1872 5021 Item
1896 4957 1990 5040 Dige-

433 5072 519 5126 stum
550 5075 653 5129 vetus.
685 5101 729 5109 -
761 5065 843 5128 Item
868 5064 983 5127 Codex
1008 5085 1065 5128 seu
1090 5063 1277 5128 Autentica.
1304 5065 1452 5128 —Item
1476 5065 1650 5148 Digesturn
1686 5085 1815 5129 novum.
1841 5099 1880 5112 —-
1907 5064 1987 5127 Item

433 5191 528 5234 casus
567 5171 742 5234 IohannnIs
782 5173 927 5235 Durandi
951 5193 1048 5254 super
1071 5193 1191 5254 corpus
1229 5173 1304 5235 iuris
1329 5173 1438 5235 civilis,
1462 5173 1611 5236 —Item
1644 5173 1825 5236 decisiones
1850 5183 1931 5236 rote.
1950 5207 1992 5218 -

433 5276 515 5340 Item
555 5276 655 5340 Liber
693 5277 796 5341 Vltus
834 5281 866 5340 in
906 5299 1105 5361 pergameno
1137 5281 1285 5361 scriptus.
1319 5315 1363 5332 -
1394 5281 1475 5342 Item
1515 5279 1596 5342 liber
1634 5279 1675 5342 de
1715 5280 1923 5361 sponsalibus
1961 5287 1993 5340 et

434 5385 645 5447 matrimoniis
688 5405 785 5467 super
826 5395 976 5468 quartum
1015 5397 1048 5449 et
1088 5388 1234 5467 quintum
1275 5386 1404 5449 abbatis
1446 5385 1552 5449 Siculi.
1593 5423 1633 5432 -
1672 5387 1757 5452 Item
1798 5408 1897 5469 super
1933 5397 1991 5449 ter·

434 5491 513 5554 tium
548 5492 691 5556 eiusdem
726 5493 863 5556 abbatis
888 5531 929 5539 —
967 5493 1049 5556 Item
1085 5493 1207 5556 lectura
1238 5495 1292 5556 dni
1318 5493 1540 5556 Bartholomei
1570 5493 1611 5556 de
1646 5493 1858 5557 Saxoferrato
1895 5513 1992 5573 super

434 5597 629 5662 Autenticis.
654 5636 697 5643 -
721 5599 803 5662 Item
832 5599 949 5664 Abbas
973 5623 1071 5682 super
1094 5603 1232 5682 prImum
1258 5600 1484 5664 Decretalium.
1509 5639 1553 5647 -
1576 5601 1659 5664 Item
1684 5601 1801 5664 Abbas
1825 5621 1924 5684 super
1946 5621 1989 5663 se-
