4416 6366
454 565 514 648 146
953 565 1047 618 ACTA
1066 565 1229 618 CAPITULl
1249 565 1505 618 POZNANIENSIS

447 661 892 669 ——————--.—.———..—-
1453 662 1488 667 -
1568 661 1591 666 -.
1613 661 1684 666 .—.-
1706 659 1894 666 ...φη-ο..-

661 781 702 844 Α.
733 785 824 861 1487,
847 780 916 844 lulli
939 800 976 860 4,
1001 781 1032 843 in
1055 781 1197 863 capitulo
1221 782 1374 864 generali.

556 920 642 989 782.
668 923 736 1005 (lV.
766 927 846 1004 118).
871 924 953 987 Item
978 923 1032 986 dni
1048 924 1288 1005 deputaverunt
1304 925 1387 986 dnos
1403 922 1555 986 Scudlam
1573 935 1607 985 et
1624 923 1816 1004 Lukowslry
1840 923 1881 985 ad
1898 925 2002 985 sino·

447 1029 537 1093 dum
561 1031 874 1113 provincialem
898 1031 1227 1094 Lanciciensem
1251 1043 1284 1094 et
1308 1031 1497 1094 mandatum
1521 1032 1663 1094 scribere
1686 1031 1931 1092 mandaverunt.

663 1245 705 1308 A.
735 1247 825 1324 1487,
850 1243 993 1326 Augusti
1018 1246 1071 1318 28,
1098 1245 1129 1306 in
1154 1243 1307 1325 capitulo,

485 1301 504 1334 4

558 1383 643 1452 783.
669 1387 737 1466 (IV.
768 1387 860 1468 119⁰).
884 1387 964 1448 Item
989 1407 1031 1448 ex
1048 1387 1153 1449 causis
1169 1387 1265 1449 certis
1280 1387 1406 1448 animos
1423 1385 1558 1448 dnorum
1576 1385 1783 1448 moventibus
1800 1383 2003 1446 inhibuerunt

449 1494 545 1556 michi
569 1495 704 1566 notario,
734 1495 823 1576 quod
848 1495 923 1556 nulli
950 1495 1146 1574 prelatorum
1170 1505 1226 1558 aut
1250 1495 1478 1556 canonicorum
1507 1493 1547 1554 de
1572 1493 1671 1554 domo
1695 1513 1767 1554 mea
1791 1492 1926 1572 dirigam
1950 1489 2000 1551 vel

449 1600 538 1662 solus
560 1611 689 1682 portem
713 1611 848 1676 statuta,
875 1602 1025 1664 matricas
1049 1611 1082 1664 et
1106 1602 1335 1678 inventarium;
1369 1601 1426 1662 sed
1452 1601 1569 1682 quibus
1593 1599 1807 1661 necessarium
1833 1597 1926 1659 luerit
1950 1597 2003 1658 ali·

452 1707 531 1789 quid
554 1729 706 1790 querere,
731 1709 817 1790 apud
841 1709 1001 1771 notarium
1025 1709 1224 1790 querendum
1249 1709 1474 1772 decreverunt.

664 1937 707 2004 A.
737 1941 828 2019 1487,
853 1937 1049 2002 Novembris
1075 1955 1125 2012 20,
1149 1939 1181 2000 in
1205 1938 1348 2020 capitulo
1373 1937 1524 2020 generali.

559 2077 644 2147 784.
680 2081 745 2164 (IV.
775 2083 854 2164 123).
890 2082 1014 2145 Ibidem
1038 2081 1092 2143 dni
1116 2081 1343 2156 decreverunt,
1375 2081 1463 2162 quod
1488 2081 1660 2164 exigantur
1683 2099 1768 2162 pene
1792 2079 1948 2160 capitales
1972 2087 2005 2139 et

450 2189 512 2250 alie
536 2209 621 2270 pene
645 2191 808 2270 sanguinis
833 2191 973 2253 maiores
997 2211 1055 2270 per
1079 2189 1178 2252 dnum
1203 2199 1447 2270 procuratorem
1480 2199 1513 2252 et
1546 2189 1776 2252 distribuantur
1808 2187 1890 2249 inter
1913 2186 2004 2258 dnos,

451 2306 548 2378 prout
573 2297 625 2358 diu
650 2307 701 2360 est
724 2307 850 2361 tentum
875 2307 907 2360 et
932 2298 1151 2360 observatum.

665 2508 708 2571 A.
737 2509 828 2589 1487,
853 2509 1049 2572 Novembris
1075 2523 1125 2590 27,
1149 2511 1181 2570 in
1205 2509 1348 2590 capitulo
1372 2508 1522 2592 generali.

560 2646 647 2716 785.
672 2649 741 2731 (IV.
773 2651 852 2732 124).
877 2651 1000 2715 Ibidem
1024 2652 1078 2714 dni
1103 2661 1256 2732 parentes
1281 2651 1441 2715 mandatis
1464 2651 1562 2732 regiis
1586 2649 1655 2712 sal
1679 2647 2006 2713 Cracoviense

451 2758 483 2819 in
507 2758 573 2821 suis
596 2757 747 2820 dominiis
770 2768 803 2821 et
827 2758 977 2822 domibus
1000 2759 1121 2822 habere
1145 2759 1368 2822 decreverunt.

665 2968 707 3044 A,
737 2971 828 3050 1487,
853 2970 1050 3033 Novembris
1075 2971 1133 3046 28,
1157 2973 1189 3034 in
1213 2971 1357 3052 capitulo
1381 2971 1535 3053 generali.

561 3107 647 3176 786.
683 3111 752 3192 (lV.
783 3113 865 3191 124).
900 3111 1024 3175 Ibidem
1052 3112 1106 3174 dni
1130 3113 1368 3194 deputaverunt
1393 3113 1492 3176 dnum
1516 3111 1758 3194 Sigismundum
1782 3112 1823 3173 ad
1848 3110 2008 3172 notarium

453 3219 577 3300 regium
600 3219 642 3281 ad
665 3219 831 3282 civitatem
855 3220 887 3281 in
911 3219 997 3283 sacto
1030 3221 1278 3284 exactionis
1313 3221 1474 3302 regalis
1504 3220 1546 3282 de
1569 3217 1786 3282 Walischewo
1810 3228 1844 3281 et
1867 3213 2009 3281 Ostrow.

667 3427 710 3492 A.
741 3429 832 3508 1487,
856 3429 1052 3492 Novembris
1078 3448 1127 3508 29,
1152 3431 1183 3492 in
1212 3431 1355 3512 capitulo
1379 3431 1531 3513 generali.

564 3565 650 3636 787.
687 3571 755 3653 (IV.
784 3575 864 3653 124).
899 3573 1020 3636 Ibidem
1053 3574 1106 3636 dni
1131 3575 1362 3638 commiserunt
1386 3573 1527 3638 Alberto
1551 3573 1726 3637 Zlotosche
1749 3583 1782 3636 et
1805 3571 1924 3634 lacobo
1947 3569 2010 3632 Za-

454 3677 636 3759 grosslowo
659 3697 719 3760 pro
743 3679 806 3741 isto
830 3699 916 3742 anno
939 3681 1057 3743 ducere
1081 3681 1128 3744 sal
1153 3681 1369 3746 Cracoviense
1393 3693 1426 3745 et
1450 3685 1623 3764 propinare
1647 3680 1857 3764 emptoribus.

667 3889 709 3953 A.
739 3891 837 3969 1488,
861 3891 997 3954 Ianuarii
1024 3907 1058 3973 5,
1084 3893 1115 3954 in
1139 3893 1291 3975 capitulo.

564 4025 649 4095 788.
672 4031 739 4112 (IV.
770 4033 864 4113 124⁰).
888 4033 1011 4096 ibidem
1028 4035 1110 4098 dnus
1128 4033 1374 4116 Goluchowsky
1398 4035 1515 4098 obtulit
1533 4033 1743 4119 quittanciam
1765 4032 2011 4114 infrascriptam,

455 4157 551 4218 quam
577 4137 631 4200 dni
655 4139 697 4201 ad
721 4140 920 4203 matriculam
945 4143 1119 4206 inscribere
1143 4145 1391 4208 mandaverunt:

562 4263 636 4345 Ego
660 4263 857 4328 Ambrosius
879 4265 1099 4348 Pampowsky
1123 4269 1316 4332 castellanus
1333 4269 1579 4350 Rosperiensis‚
1603 4267 1795 4332 Coninensis
1811 4277 1845 4331 et
1862 4266 2014 4330 Colensis

454 4371 652 4452 capitaneus
677 4393 879 4454 recognosco
903 4375 1046 4454 presenti
1070 4394 1182 4440 manus
1207 4396 1279 4438 mee
1302 4377 1433 4458 script0,
1457 4376 1624 4458 quomodo
1648 4375 1733 4438 lacta
1757 4375 1886 4438 racione
1903 4385 1935 4437 et
1952 4374 2014 4436 cal·

456 4479 530 4540 culo
553 4499 626 4548 cum
651 4479 825 4542 venerabili
849 4480 915 4543 dno
939 4480 1073 4545 Andrea
1090 4481 1337 4566 Goluchowsky
1353 4485 1511 4546 canonico
1528 4483 1667 4546 Poznan.
1686 4503 1783 4564 super
1799 4479 2015 4564 proventibus

455 4595 489 4649 et
512 4586 646 4668 singulis
670 4587 926 4651 obvencionibus
951 4599 1018 4652 tum
1043 4589 1084 4652 de
1108 4591 1185 4653 Mtis
1210 4591 1314 4672 Regie
1338 4601 1406 4655 tum
1431 4591 1472 4653 de
1496 4591 1576 4654 meis
1599 4591 1695 4654 bonis
1711 4591 1818 4670 recepi
1834 4590 1876 4651 ab
1893 4588 2014 4651 eodem

454 4693 590 4756 totalem
608 4703 640 4756 et
657 4695 831 4774 plenariam
849 4697 1113 4760 satisfactionem.
1142 4697 1273 4772 Harum,
1290 4699 1405 4779 quibus
1422 4699 1592 4780 signetum.
1610 4719 1675 4778 qun
1692 4708 1772 4770 utor,
1794 4696 2015 4777 subimpressi.

455 4799 577 4862 Datum
613 4801 729 4864 Colo
761 4801 779 4865 f.
811 4814 865 4884 5ta
894 4807 926 4867 in
957 4805 1065 4888 vigilia
1103 4825 1127 4867 s,
1159 4804 1293 4868 Andree
1326 4807 1469 4887 apostoli
1503 4805 1549 4887 (d.
1583 4824 1627 4886 29
1661 4803 1865 4883 Novembris)
1895 4803 1938 4866 A.
1967 4803 2013 4866 D.

459 4907 808 4973 MCCCCLXXXVII.
833 4909 874 4974 A.
898 4911 1120 4995 Pampowsky
1144 4933 1185 4976 m.
1211 4934 1243 4995 p.

669 5122 713 5186 A.
743 5123 841 5202 1488,
866 5123 945 5186 Iunii
975 5125 1029 5200 18,
1054 5123 1085 5186 i11
1110 5123 1261 5204 capitulo

565 5261 652 5330 789.
689 5264 758 5348 (IV.
789 5265 914 5349 129⁰)..
950 5267 1054 5329 Rmus
1078 5267 1161 5329 dnus
1188 5266 1280 5348 Epus
1304 5277 1337 5329 11
1361 5287 1470 5330 vener.
1503 5267 1557 5330 dni
1588 5265 1724 5340 Scudta,
1757 5265 2016 5346 Strzalkowsky,

456 5367 670 5452 Rogalinsky,
694 5371 905 5448 Decancllus,
942 5373 1074 5447 Hector,
1107 5372 1362 5454 Goluchowsky,
1393 5372 1636 5457 Sigismundus,
1667 5372 1896 5456 Czyeszelsky,
1932 5371 2018 5434 Gro-

458 5476 617 5561 dziczslty,
641 5479 920 5562 Brzosthkowsky
936 5491 1173 5544 consenserunt
1196 5481 1237 5543 ad
1254 5481 1349 5544 aliam
1374 5482 1582 5545 medietatem
1606 5501 1658 5544 co
1670 5502 1690 5542 n
1704 5481 1801 5544 trib
1815 5502 1833 5542 u
1847 5501 1864 5542 c
1878 5481 1920 5541 io
1933 5479 1974 5541 ni
1989 5499 2017 5552 s,

457 5604 522 5648 non
547 5597 655 5648 tamen
681 5587 769 5668 prius
793 5587 948 5662 dandam,
974 5609 1070 5669 quam
1094 5589 1126 5650 in
1151 5588 1234 5652 dioc.
1259 5587 1383 5653 Gnezn.
1409 5589 1566 5672 inceperit
1590 5589 1668 5652 dari.
