4416 6366
434 629 495 693 140
945 611 1039 663 ACTA
1058 611 1223 663 cnP1TUL1
1244 612 1500 664 POZNANIENSIS

445 705 893 712 ---—-—-.-.—--—------—
1038 707 1070 713 ...-
1086 709 1104 712 -
1126 708 1163 713 —.
1205 708 1258 713 η-
1330 707 1512 716 ----,-.
1520 708 1984 720 -——-—-—-·-—---..—

644 825 687 889 A.
717 829 816 907 1485,
840 827 977 890 Ianuarii
1004 845 1063 908 31,
1087 829 1118 890 in
1143 827 1296 910 capitulo,

538 964 625 1034 743.
651 969 720 1049 (IV.
744 969 805 1051 93).
830 969 953 1032 Ibidem
978 969 1032 1032 dni
1057 991 1164 1034 vener.
1189 969 1289 1033 dnum
1315 969 1490 1035 Albertum
1514 971 1555 1033 de
1579 969 1653 1053 Gay
1676 971 1846 1036 custodem
1863 971 1985 1036 Gnezn.

429 1089 462 1141 et
487 1077 655 1140 officialem
679 1077 818 1140 Poznan.
843 1078 1026 1160 generalem
1052 1077 1093 1140 ad
1117 1080 1498 1142 convencionem
1522 1081 1798 1160 generalem
1822 1101 1895 1142 cum
1916 1082 1985 1142 iuri·

429 1185 490 1248 bus
513 1185 644 1266 capituli
669 1184 807 1246 Poznan.
839 1186 870 1246 in
894 1183 1011 1247 Colo
1043 1185 1270 1248 celebrandam
1303 1186 1558 1268 deputaverunt,
1590 1188 1640 1250 cui
1671 1197 1738 1249 tres
1768 1207 1892 1250 marcas
1923 1209 1984 1268 pro

428 1293 583 1373 expensis
607 1291 673 1353 dno
698 1291 898 1373 procuratori
922 1291 998 1354 dare
1022 1292 1257 1356 mandaverunt
1281 1304 1314 1357 et
1338 1294 1444 1375 ipsum
1465 1296 1549 1357 circa
1566 1295 1763 1358 referciones
1780 1305 1813 1358 et
1830 1295 1984 1377 exequias

429 1399 620 1480 participem
645 1397 766 1461 habere
789 1398 961 1462 volucrunt
986 1410 1151 1481 tamquam
1175 1411 1370 1482 presentem.

538 1537 624 1606 744.
651 1540 754 1622 (Ibid.)
778 1541 900 1603 Ibidem
926 1541 979 1602 dni
1003 1541 1241 1622 deputaverunt
1263 1543 1362 1606 dnum
1387 1544 1555 1608 Andream
1579 1545 1786 1626 Rogalinsky
1810 1545 1851 1606 ad
1874 1554 1983 1625 preto-

427 1649 509 1710 rium
533 1649 671 1711 civitatis
695 1649 833 1710 Poznao,
857 1669 917 1729 pro
943 1649 1057 1713 litteris
1091 1650 1131 1713 de
1163 1649 1315 1713 thezauro
1348 1653 1556 1733 recipiendiS,
1587 1674 1650 1734 que
1681 1653 1803 1715 debent
1835 1653 1918 1717 mitti
1951 1655 1982 1714 in

428 1753 543 1818 Colo
570 1776 630 1836 pro
655 1758 1000 1818 convencione.

537 1893 623 1961 745.
648 1896 752 1980 (Ibid.)
777 1897 900 1958 Ibidem
925 1897 978 1960 dni
1002 1918 1108 1960 vener.
1132 1898 1198 1960 dno
1222 1899 1358 1962 Iohanni
1383 1900 1498 1963 Lanka
1521 1902 1679 1964 canonico
1704 1901 1845 1964 Poznan.
1862 1901 1889 1962 II
1906 1921 1983 1964 mar·

428 2025 483 2066 cas
506 2003 547 2066 de
571 2005 679 2085 gracia
703 2005 906 2068 donaverunt
937 2005 967 2066 in
1001 2006 1159 2085 pensione
1191 2006 1398 2070 defalcandas
1430 2029 1489 2090 pro
1521 2029 1570 2084 e0,
1603 2007 1690 2090 quod
1722 2011 1752 2070 in
1785 2029 1984 2072 conven-

428 2113 566 2174 cione
609 2113 651 2173 in
695 2110 811 2174 Colo
857 2111 1020 2173 celebrata
1062 2113 1169 2173 iuvare
1208 2113 1307 2176 debet
1345 2113 1429 2176 dnos
1468 2115 1509 2176 ad
1548 2115 1803 2178 convencionem
1845 2115 1981 2177 eandem

430 2220 461 2280 in
486 2218 569 2281 Colo
593 2220 769 2299 deputatos
793 2219 918 2282 auxiliis
941 2218 982 2280 ad
1006 2217 1045 2281 R.
1071 2219 1173 2281 llltem
1203 2240 1263 2299 pro
1288 2223 1420 2283 cervisia
1453 2223 1685 2304 llydgostiensi
1717 2223 1919 2304 propinanda
1949 2234 1982 2286 et

429 2327 542 2388 iurium
567 2327 763 2389 defensione.

640 2571 683 2634 A.
713 2573 812 2652 1485,
836 2572 1002 2635 Februarii
1032 2575 1087 2648 16,
1112 2574 1143 2636 in
1168 2575 1320 2655 capitulo.

535 2729 621 2796 746.
656 2732 725 2812 (IV.
750 2733 816 2810 94).
853 2733 977 2794 Ibidem
1009 2733 1062 2795 dni
1095 2735 1333 2814 deputaverunt
1365 2736 1447 2797 dnos
1480 2736 1636 2797 decanum
1669 2747 1701 2798 ct
1734 2737 1909 2800 Hectorem
1939 2737 1979 2799 ad

427 2852 569 2901 castrum
595 2840 626 2900 in
650 2839 736 2902 lacto
762 2841 962 2921 recepci0nis
988 2861 1099 2902 currus
1123 2862 1279 2922 equorum
1304 2853 1336 2904 et
1361 2845 1494 2905 cervisie
1511 2843 1772 2924 Cracowyancze
1788 2845 1829 2906 de
1846 2845 1978 2906 Chwali-

427 2946 558 3009 schewo
582 2967 640 3028 per
664 2947 801 3010 famulos
825 2950 930 3010 castri.

639 3176 683 3238 A.
714 3179 813 3258 1485,
838 3177 945 3240 Martii
969 3195 1006 3256 4,
1032 3179 1063 3240 in
1088 3179 1239 3260 capitulo.

536 3332 621 3402 747.
649 3337 720 3419 (IV.
745 3338 822 3420 94⁰),
845 3338 968 3400 Ibidem
994 3337 1060 3422 [dni
1084 3339 1199 3420 prelati
1224 3351 1256 3402 et
1277 3339 1434 3422 canonici}
1459 3341 1689 3420 synodum
1713 3344 1977 3422 provincia-

427 3445 515 3505 lem
548 3446 579 3505 In
612 3455 685 3506 toto
716 3445 804 3508 clero
827 3466 887 3526 pro
912 3445 1098 3520 Dominica,
1136 3447 1372 3509 »Misericordia
1400 3447 1481 3508 Dm«
1511 3459 1587 3528 post
1619 3448 1736 3510 lesturn
1769 3448 1868 3510 l'asce
1899 3449 1978 3510 cele-

428 3551 585 3614 brandam
610 3562 802 3615 statuerunt.

640 3780 682 3844 A.
712 3784 810 3861 1485,
834 3783 942 3846 Martii
965 3802 1002 3862 9,
1027 3785 1057 3846 in
1082 3783 1233 3865 capitulo

537 3937 623 4006 748.
660 3941 727 4022 (IV.
751 3943 844 4024 95)..
880 3943 1009 4006 Marcus
1041 3944 1081 4006 de
1114 3943 1227 4006 Lelow
1258 3955 1448 4025 procurator
1472 3955 1504 4007 et
1529 3945 1641 4008 Petrus
1665 3946 1922 4027 hlaczyeyewicz
1945 3956 1978 4008 et

426 4048 578 4110 Clemens
603 4047 718 4110 Colasz
742 4048 938 4113 kmethones
962 4051 1001 4112 de
1026 4051 1140 4114 Ruslro
1165 4051 1205 4113 de
1230 4053 1384 4114 mandato
1404 4053 1541 4114 dnorum
1559 4053 1741 4115 iuraverunt
1758 4055 1852 4116 tactis
1869 4054 1977 4136 digitis

425 4157 579 4237 ymagirte
610 4153 759 4218 Crucihxi
792 4158 823 4218 in
855 4159 1004 4220 manibus
1035 4160 1131 4234 mels,
1165 4159 1252 4240 quod
1276 4159 1350 4220 villa
1375 4159 1489 4220 Ruslro
1514 4171 1563 4222 est
1587 4161 1763 4242 depredata
1786 4175 1819 4224 et
1840 4161 1976 4242 spoliata

425 4284 484 4344 per
507 4263 845 4342 stipendarios
875 4263 929 4325 dni
951 4263 1120 4327 Cosmider
1144 4277 1178 4328 et
1202 4265 1256 4327 dni
1281 4267 1439 4346 capitanei
1473 4266 1604 4329 Maioris
1628 4267 1761 4330 Polonie
1784 4277 1859 4330 ante
1883 4267 1978 4331 Cosz-

425 4391 502 4450 myn
528 4371 671 4432 iacentes
694 4390 781 4432 anno
806 4373 964 4450 presenti,
993 4383 1026 4433 et
1050 4384 1225 4453 propterea
1248 4393 1381 4434 censum
1412 4373 1478 4436 dno
1501 4373 1612 4436 heredi
1644 4395 1711 4436 non
1741 4375 1913 4446 dederunt,
1945 4383 1978 4436 ct

424 4477 500 4538 data
524 4486 574 4538 est
598 4477 644 4539 eis
669 4477 799 4540 libertas
826 4499 883 4558 per
906 4478 1059 4541 heredem
1084 4479 1244 4544 duntaxat
1268 4500 1327 4560 pro
1351 4500 1438 4542 anno
1462 4483 1612 4562 presenti.

534 4615 618 4684 749.
641 4619 708 4700 (IV.
732 4621 813 4700 950).
838 4621 962 4683 Ibidem
986 4643 1092 4686 vener.
1116 4623 1183 4684 dno
1203 4623 1338 4685 Iohanni
1355 4623 1545 4704 Lulcowslry
1561 4625 1752 4686 cancellario
1769 4634 1836 4686 tres
1853 4643 1975 4686 marcas

424 4727 591 4808 penmonis
614 4727 655 4788 ad
679 4728 853 4809 capitulum
879 4729 1030 4809 generale
1059 4729 1144 4794 Petri
1175 4741 1208 4793 et
1239 4731 1326 4792 Pauli
1358 4731 1583 4812 apostolorum
1615 4753 1707 4813 prox,
1740 4731 1976 4812 suspenderunt

424 4845 554 4897 etcum
586 4835 627 4896 ad
655 4837 1034 4898 convencionem
1066 4840 1109 4899 in
1140 4837 1331 4899 Thorun
1355 4838 1396 4900 ad
1422 4839 1660 4919 disponendum
1687 4840 1823 4920 negocia
1846 4837 1974 4918 capituli

423 4941 676 5022 deputaverunt,
701 4962 797 5024 quem
822 4943 906 5006 bene
931 4943 1083 5007 solariare
1108 4945 1337 5026 promiserunt.
1365 4961 1368 4966 '

636 5170 681 5234 Α.
711 5175 810 5252 1485,
836 5144 911 5236 nnn
937 5175 1205 5258 5,rncaprtu10.

531 5309 617 5377 750.
654 5313 722 5394 (IV.
745 5314 817 5399 950)
854 5315 978 5379 Ibidem
1007 5317 1224 5399 appellacioni
1249 5339 1308 5398 pro
1334 5329 1426 5398 parte
1450 5319 1504 5382 dni
1528 5320 1680 5382 Iohannis
1705 5319 1745 5382 de
1768 5316 1974 5400 Ramkoyadi

423 5421 569 5482 canonici
593 5420 733 5484 Poznan.
766 5422 808 5484 ad
831 5421 949 5486 Sedem
983 5423 1103 5505 tlpost.
1136 5425 1326 5504 interposite
1356 5449 1373 5488 a
1407 5448 1536 5489 rumore
1568 5427 1767 5507 quarundam
1799 5427 1973 5490 litterarum

422 5527 687 5590 executorialium
718 5549 779 5610 pro
803 5541 895 5612 parte
919 5531 1055 5613 Cchcl,
1088 5541 1123 5594 ut
1147 5531 1270 5606 dicitur,
1303 5545 1538 5610 emanatarum,
1571 5533 1655 5597 dnus
1686 5535 1778 5616 Epus
1806 5545 1839 5598 et
1862 5553 1973 5596 omnes

421 5635 475 5696 dni
499 5635 691 5699 unanimiter
714 5636 926 5717 adheserunt;
950 5638 1036 5702 cavit
1060 5637 1100 5702 de
1123 5639 1372 5721 yndempnitate
1398 5642 1502 5720 solus;
1526 5641 1732 5724 presentibus
1756 5651 1815 5706 etc.
