4416 6366
458 592 515 652 168
875 575 881 584 '
984 579 1053 628 ΑΕΓ
1055 581 1078 627 Α
1097 579 1259 630 CAPITULI
1279 578 1532 632 POZNANIENSIS

534 681 594 686 —.-.
891 673 996 678 —·-—
1022 671 1076 676 *—
1164 672 1207 677 —-
1314 673 1494 680 ——-·—-—
1517 673 1646 682 m·-
1675 675 1685 680 -
1732 673 2012 682 —u--fi-—n--u—

452 819 643 883 quacunque
667 799 859 858 auctoritate
883 795 913 856 in
939 793 1098 874 prelatum
1123 802 1155 855 et
1180 793 1372 854 canonicum
1397 792 1533 856 ecclesie
1566 794 1702 858 Poznan.
1727 806 1760 858 et
1783 798 1954 860 asseruerit
1976 817 2011 860 se

452 909 519 970 fore
544 905 763 972 nobilem,
788 911 963 981 antequam
987 901 1174 980 recipiatur,
1201 901 1318 980 probet
1342 921 1377 962 se
1403 901 1545 963 nobilem
1569 901 1638 964 fore
1655 922 1698 965 ex
1714 912 1852 986 utroque
1875 913 2010 985 parente

451 1013 578 1076 duobus
601 1009 751 1074 videlicet
775 1008 913 1070 testibus
937 1027 979 1068 ex
1005 1016 1096 1086 patre
1121 1017 1154 1068 et
1177 1006 1304 1068 duobus
1330 1008 1467 1069 testibus
1492 1009 1637 1070 similiter
1661 1030 1702 1072 ex
1727 1021 1841 1082 matre,
1866 1011 2006 1092 alioquin

453 1123 477 1184 si
502 1140 567 1181 non
592 1117 776 1198 probaverit
800 1123 856 1176 aut
881 1116 911 1175 in
937 1114 1133 1194 probacione
1159 1113 1326 1184 defecerit,
1352 1114 1392 1174 ad
1417 1115 1586 1176 ecclesiam
1604 1116 1793 1179 nullomodo
1810 1119 2007 1182 admittatur.

453 1229 495 1290 Et
519 1228 592 1309 quia
617 1228 718 1286 eciam
743 1224 840 1303 aliqui
864 1221 1035 1303 qualificati
1059 1223 1090 1282 in
1115 1221 1267 1282 doctores
1284 1231 1339 1282 aut
1357 1221 1544 1284 licenciatos
1569 1242 1633 1283 non
1652 1235 1686 1285 ut
1703 1226 1887 1304 promoveri
1906 1245 2006 1287 meru-

450 1339 533 1398 erint
556 1333 606 1396 vel
629 1332 737 1394 idonei
761 1333 839 1402 sint,
871 1330 929 1392 sed
955 1341 987 1390 ut
1013 1329 1146 1390 illudant
1178 1327 1383 1390 ecclesiarum
1419 1327 1595 1409 privilegiis
1619 1341 1651 1392 et
1676 1332 1805 1395 statutis
1829 1335 2009 1413 ceterisque

451 1443 481 1504 in
507 1440 664 1521 litigando
690 1437 897 1519 preferantur,
934 1435 1074 1517 quadam
1099 1435 1251 1497 facilitate
1275 1435 1444 1516 presertim
1477 1435 1678 1498 initalia
1712 1435 1832 1500 faciunt
1855 1459 1891 1500 se
1915 1440 2009 1500 licen-

451 1550 526 1612 ciari
550 1561 582 1610 et
607 1550 638 1608 in
662 1546 816 1606 doctores
841 1544 1043 1624 promoveri,
1081 1542 1219 1622 indeque
1245 1543 1357 1603 litteris
1392 1545 1558 1623 acquisitis
1594 1544 1707 1606 volunt
1731 1545 1873 1626 gaudere
1901 1565 2009 1624 prero-

452 1658 568 1738 gativis
593 1657 733 1716 virorum
759 1652 945 1722 doctorum,
982 1669 1055 1710 eum
1080 1649 1141 1727 ipsi
1166 1667 1277 1726 parum
1303 1648 1391 1710 docti
1415 1650 1446 1710 in
1470 1649 1587 1712 effectu
1613 1649 1729 1714 fuerint
1761 1661 1793 1714 et
1818 1672 1931 1732 parum
1957 1651 2008 1714 vel

452 1782 615 1842 nunquam
650 1759 764 1823 studiis
800 1777 931 1838 operam
969 1756 1155 1818 navaverint
1187 1767 1219 1816 et
1244 1754 1360 1816 titulati
1395 1756 1467 1818 solo
1505 1757 1636 1818 nomine
1672 1771 1866 1822 censeantur
1888 1771 1921 1822 et
1946 1761 2011 1822 sint

453 1872 621 1940 doctores
647 1867 760 1928 volens
786 1864 929 1944 prefatus
954 1863 1090 1942 Rmus1)
1114 1873 1207 1940 pater
1230 1881 1302 1922 cum
1327 1883 1387 1924 suo
1410 1863 1553 1942 capitulo
1576 1863 1649 1926 huic
1673 1864 1804 1928 factioni
1841 1866 2012 1946 providere

452 1976 595 2040 similiter
618 1977 732 2037 statuit
756 1985 788 2034 et
813 1972 987 2044 ordinavit,
1014 1981 1047 2032 ut
1072 1969 1176 2030 nullus
1200 1968 1400 2050 qualificatus
1425 1968 1576 2032 videlicet
1608 1971 1795 2036 licenciatus
1819 1973 1870 2036 vel
1894 1972 2011 2036 doctor

452 2084 493 2146 ad
517 2085 686 2145 ecclesiam
710 2080 849 2140 Poznan.
874 2078 1063 2139 admittatur
1087 2077 1116 2137 in
1143 2077 1301 2156 prelatum
1326 2076 1376 2138 vel
1393 2079 1592 2150 canonicum,
1617 2079 1676 2140 nisi
1700 2081 1848 2144 adminus
1866 2083 2010 2164 quinque

453 2193 545 2252 annis
577 2188 738 2250 continuis
769 2187 802 2246 in
827 2185 935 2264 aliquo
971 2185 1078 2246 studio
1115 2184 1258 2264 generali
1289 2204 1362 2245 cum
1398 2185 1514 2248 effectu
1550 2186 1708 2248 studuerit
1732 2199 1764 2250 et
1789 2209 1847 2268 per
1870 2191 2009 2270 rigorem

453 2298 610 2360 examinis
634 2297 665 2358 in
689 2294 856 2355 doctorem
881 2291 932 2354 vel
958 2292 1160 2352 licenciatum
1185 2293 1216 2352 in
1239 2291 1345 2372 aliqua
1369 2291 1559 2354 facultatum
1575 2293 1725 2356 videlicet
1742 2293 1918 2378 theologia,
1942 2298 2009 2356 iure

452 2407 610 2468 canonico
635 2402 685 2464 vel
710 2399 867 2462 medicina
891 2409 1063 2478 promotus
1087 2397 1177 2460 heret
1202 2399 1299 2459 etde
1324 2399 1489 2478 premissis
1514 2419 1571 2479 per
1595 2411 1698 2462 testes
1722 2401 1859 2464 idoneos
1882 2403 1934 2464 vel
1962 2401 2008 2464 lit·

453 2525 541 2576 teras
564 2511 745 2574 autenticas
781 2508 926 2568 docuerit
950 2503 1153 2566 sufficienter.
1190 2503 1288 2584 Quod
1313 2506 1339 2566 si
1364 2505 1447 2568 forte
1470 2507 1626 2586 incipiens
1650 2508 1780 2571 studere
1804 2509 1946 2572 studium
1966 2530 2009 2572 ex

453 2621 560 2700 aliqua
583 2637 680 2678 causa
704 2615 924 2684 intermiserit,
950 2625 982 2674 et
1006 2613 1137 2674 tandem
1164 2625 1239 2691 post
1265 2613 1408 2674 notabile
1433 2621 1562 2692 tempus
1586 2635 1734 2677 reversus
1765 2615 1857 2679 fuerit
1880 2617 1921 2678 ad
1945 2627 2011 2678 stu-

455 2727 612 2798 dendum,
648 2735 777 2802 tempus
802 2719 888 2802 quod
913 2731 989 2780 ante
1026 2719 1296 2780 intermissionem
1321 2721 1351 2780 in
1376 2720 1484 2780 studio
1520 2721 1656 2802 agebat,
1692 2742 1758 2784 non
1783 2723 1882 2786 debet
1905 2725 2010 2786 eidem

457 2831 639 2912 suffragari,
676 2830 732 2891 sed
766 2827 1017 2908 quinquennium
1053 2827 1112 2886 sibi
1137 2845 1155 2886 a
1180 2827 1363 2888 reversione
1397 2828 1438 2888 ad
1474 2829 1615 2889 studium
1651 2829 1783 2892 debebit
1820 2832 2009 2912 computari.

453 2941 577 3002 Verum
603 2939 675 3018 quia
700 2947 836 3018 agentes
860 2936 890 2994 in
916 2933 1065 2994 Romana
1089 2931 1183 2994 Curia
1209 2933 1280 3012 plus
1304 2935 1368 2994 suis
1393 2933 1563 2996 intendunt
1588 2937 1874 3000 commoditatibus
1898 2948 1931 2999 ct
1956 2959 2009 2998 ne·

454 3048 555 3130 gociis
580 3067 617 3106 ac
642 3061 810 3105 causarum
835 3039 1118 3102 sollicitacionibus
1150 3059 1246 3119 quarn
1271 3039 1400 3114 studiis,
1427 3053 1459 3104 et
1484 3043 1718 3116 nichilominus,
1744 3055 1778 3107 ut
1803 3047 1934 3108 statutis
1958 3066 2007 3106 cc·

454 3157 621 3218 elesiarum
647 3151 794 3226 illudant,
819 3170 854 3210 se
879 3147 998 3210 faciunt
1022 3149 1053 3208 in
1077 3149 1230 3208 doctores
1256 3147 1372 3208 ibidem
1397 3151 1594 3228 promoveri,
1632 3153 1745 3214 volens
1770 3153 1914 3214 similiter
1939 3173 2008 3232 pre·

453 3264 537 3326 fatus
562 3262 664 3322 Rmus
690 3260 771 3320 dnus
796 3277 869 3318 cum
893 3275 952 3318 suo
976 3256 1117 3336 capitulo
1142 3255 1215 3316 huic
1240 3257 1409 3335 providere
1446 3257 1614 3318 collusioni
1645 3261 1758 3320 statuit
1783 3269 1815 3322 et
1839 3259 2009 3328 ordinavit,

454 3382 489 3434 ut
514 3369 655 3451 promoti
680 3369 710 3428 in
737 3365 825 3426 Urbe
849 3363 998 3424 Romana
1023 3363 1190 3442 privilegio
1216 3383 1279 3422 non
1305 3365 1469 3444 gaudeant
1494 3363 1764 3443 qualificatorum,
1791 3365 1857 3436 nisi,
1883 3379 1918 3427 ut
1941 3387 2009 3446 pre·

456 3480 588 3540 missurn
613 3485 677 3548 est,
710 3471 877 3534 docuerint
902 3491 936 3531 se
961 3469 1079 3530 ibidem
1104 3489 1162 3548 per
1185 3467 1348 3548 prefatum
1372 3481 1502 3550 tempus
1533 3491 1598 3530 non
1623 3471 1830 3540 sollicitasse,
1863 3473 1920 3534 sed
1946 3485 2008 3534 stu·

454 3587 561 3648 duisse
584 3594 616 3644 et
639 3601 697 3661 per
721 3581 860 3658 rigorem
885 3577 1042 3638 examinis
1075 3587 1247 3654 promotos
1282 3575 1379 3638 fuisse
1404 3597 1462 3638 nec
1487 3577 1578 3640 aliter
1601 3578 1642 3638 ad
1667 3578 1842 3658 dignitates
1867 3580 1919 3641 vel
1942 3599 2011 3660 pre-

453 3693 577 3755 bendas
602 3686 736 3751 ecclesie
770 3686 908 3746 Poznan.
934 3683 1142 3763 recipiantur,
1168 3693 1200 3745 et
1224 3695 1259 3745 ut
1283 3683 1366 3746 fame
1391 3684 1485 3756 bone,
1509 3684 1635 3764 integre
1658 3695 1692 3746 et
1715 3685 1835 3748 celebri
1859 3706 2009 3766 persona-

453 3819 523 3862 rum
547 3797 682 3860 ecclesie
707 3795 844 3856 Poznan.
881 3791 1068 3854 consulatur
1093 3791 1235 3871 prefatus
1272 3791 1373 3854 Rmus
1400 3802 1492 3870 pater
1516 3791 1598 3853 dnus
1630 3791 1790 3854 Iohannes
1814 3792 1876 3855 Dei
1900 3793 2008 3875 gracia

453 3908 544 3989 Epus
568 3905 705 3965 Poznan.
730 3921 803 3962 curn
827 3919 886 3962 suo
911 3897 1054 3977 capitulo
1086 3899 1199 3959 statuit
1223 3909 1255 3958 et
1280 3898 1456 3970 ordinavit,
1493 3911 1527 3960 ut
1552 3897 1657 3960 nullus
1681 3900 1873 3962 criminosus
1897 3911 1930 3962 et
1955 3919 2006 3960 no·

453 4025 539 4077 tatus
563 4012 670 4092 aliquo
694 4011 834 4080 crimine,
861 4007 905 4067 uti
929 4004 1102 4066 homicidio
1128 4005 1178 4064 vel
1202 4005 1333 4064 crimine
1370 4005 1440 4066 falsi
1470 4015 1525 4066 aut
1549 4005 1657 4086 aliquo
1693 4005 1755 4067 alio
1779 4007 1911 4069 crimine
1936 4005 2008 4068 infa-

454 4131 571 4194 mante,
597 4120 637 4180 ad
661 4117 830 4179 ecclesiam
855 4113 992 4174 Poznan.
1018 4114 1049 4173 in
1074 4113 1232 4192 prelatum
1257 4113 1308 4173 vel
1331 4113 1521 4172 canonicum
1546 4113 1725 4192 recipiatur.

561 4240 825 4323 906.(v1.10).
866 4235 1107 4300 Statutum
1142 4237 1193 4298 de
1228 4237 1530 4298 tabernariis
1568 4245 1612 4298 et
1646 4237 2008 4318 vagantibusde

453 4365 602 4417 nocte.
626 4386 669 4394 --
694 4348 816 4410 ibidem
841 4345 943 4406 Rmus
978 4343 1061 4405 dnus
1097 4344 1258 4404 Iohannes
1294 4343 1383 4422 Epus
1407 4363 1480 4404 cum
1513 4363 1571 4404 suo
1596 4345 1739 4423 capitulo
1774 4354 2008 4408 statutum

452 4465 528 4526 dio
541 4481 558 4522 c
570 4481 587 4521 e
601 4481 616 4521 s
629 4479 647 4519 a
662 4478 713 4517 nu
728 4476 759 4515 m
798 4453 1064 4533 predecessorum
1089 4471 1219 4513 suorum
1245 4452 1381 4512 dnorum
1406 4449 1593 4532 pontificum
1618 4451 1658 4511 de
1683 4471 1748 4512 non
1772 4452 1939 4515 visitandis
1963 4463 2007 4514 ta-

452 4570 561 4632 bernis
587 4586 644 4645 per
667 4563 787 4625 clerum
813 4559 932 4622 dudum
958 4561 1079 4622 editum
1117 4559 1298 4630 innovavit,
1335 4571 1367 4619 et
1392 4559 1553 4620 commisit
1585 4579 1643 4638 per
1675 4558 1773 4620 dnum
1798 4561 1952 4622 vicarium
1974 4561 2007 4621 in

451 4674 676 4757 Spiritualibus
701 4669 890 4731 execucioni
915 4666 1184 4738 demandandum,
1210 4666 1351 4728 adiciens
1376 4665 1480 4726 eidem
1505 4677 1629 4728 statuto
1654 4667 1694 4727 de
1719 4666 1843 4728 clericis
1867 4667 2008 4748 vaganti·

451 4784 512 4846 bus
537 4793 685 4862 tempore
706 4776 935 4856 intempestivo
960 4795 1042 4855 eque
1067 4773 1308 4834 observandum
1334 4783 1368 4834 ut
1392 4772 1433 4834 de
1457 4773 1646 4834 tabernariis
1670 4773 1837 4846 videlicet,
1869 4773 1955 4855 quod
1979 4775 2006 4834 si

453 4892 524 4972 quis
549 4888 709 4968 presbiter
733 4883 784 4946 vel
810 4883 943 4944 clericus
979 4883 1145 4941 ordinatus
1170 4881 1210 4941 de
1237 4891 1332 4941 nocte
1369 4879 1448 4941 hora
1473 4882 1650 4961 incongrua
1685 4880 1834 4942 videlicet
1859 4891 2009 4960 tempore

452 4997 576 5058 estivali
600 5005 676 5074 post
701 4991 886 5053 vicesimam
912 4999 1060 5070 quartam
1085 4999 1118 5048 et
1142 4987 1283 5067 hyemali
1309 4996 1384 5068 post
1409 4989 1544 5068 primam
1570 4988 1676 5049 noctis
1700 4985 1833 5060 horam,
1869 4997 2009 5068 excepta

453 5122 549 5164 causa
574 5101 717 5181 legitima
743 5109 775 5160 et
800 5095 938 5159 honesta
973 5095 1084 5177 vagari
1108 5105 1255 5174 repertus
1280 5094 1388 5166 fuerit,
1424 5105 1459 5156 ut
1483 5095 1610 5157 tociens
1643 5113 1760 5174 penam
1786 5095 1879 5156 unius
1904 5113 2009 5156 marce

452 5211 607 5282 incurrat,
632 5205 787 5288 quociens
812 5203 884 5265 huic
909 5214 1033 5266 statuto
1057 5202 1308 5278 contravenerit;
1332 5209 1556 5264 verumtamen
1582 5201 1623 5263 de
1648 5201 1814 5281 premissis
1838 5210 2008 5264 accusatus

451 5320 484 5379 in
508 5315 635 5377 defectu
660 5313 894 5394 probacionum
918 5331 952 5373 se
978 5309 1110 5390 proprio
1134 5310 1315 5371 iuramento
1339 5309 1500 5390 purgabit.

561 5543 580 5609 ¹)
601 5543 679 5608 Ustqp
707 5551 801 5591 statutu
828 5539 1038 5605 roupoczyuajqcy
1066 5539 1102 5604 sie
1122 5539 1156 5588 od
1175 5549 1234 5602 tego
1256 5555 1352 5603 wyrazu
1380 5539 1494 5604 znajduje
1520 5539 1556 5605 sie
1575 5537 1684 5588 rdwuiel
1713 5553 1746 5585 na
1766 5537 1895 5604 pierwszej
1924 5537 2008 5588 kercie

456 5633 525 5702 lli-ej
544 5633 625 5700 ksiqgi
644 5631 791 5699 kapitulnej.
