4416 6366
930 583 1024 638 ACTA
1043 587 1204 640 CAPITULl
1229 587 1485 640 POZNANlENSlS

920 683 973 689 -—.
983 683 1126 690 ——.-—-
1141 683 1280 690 ..η-..-
1293 685 1437 690 --.-
1450 685 1457 689 -
1467 683 1978 694 -ἠι-ι--ι--ι-ιὴ--ῆ-

640 803 684 864 A.
715 818 805 883 1459,
830 803 937 866 Martii
963 821 990 883 3,
1015 806 1045 866 in
1070 804 1221 885 capitulo.

532 941 619 1010 5l0.
644 945 694 1026 (ΙΙ.
713 946 804 1024 208⁰)
816 993 840 1008 ..
866 945 986 1008 Vener.
1012 957 1120 1026 patres
1137 956 1170 1009 et
1186 946 1239 1008 dni
1257 947 1433 1026 capitulum
1450 948 1586 1010 ecclesie
1604 947 1742 1012 Poznan.
1761 951 1792 1011 in
1809 950 1976 1030 presencia

425 1053 545 1116 Rmi..
580 1053 634 1114 dni
662 1051 798 1114 Andree
828 1051 891 1132 Epi
922 1073 1030 1114 vener.
1063 1055 1149 1116 viros
1181 1053 1264 1114 dnos
1294 1053 1464 1116 Nicolaum
1496 1055 1536 1118 de
1567 1053 1713 1118 Sobotha
1746 1056 1914 1119 custodem
1945 1067 1978 1118 et

425 1181 553 1242 mgrum
569 1159 740 1221 Nicolaum
757 1159 797 1220 de
814 1157 936 1222 Costen
954 1161 1157 1224 decretorum
1175 1161 1342 1222 doctorem
1363 1163 1553 1224 canonicum
1578 1163 1619 1224 ad
1642 1165 1977 1226 convencionem

425 1267 671 1348 generalem
709 1267 1020 1348 provincialem
1055 1269 1087 1328 in
1122 1267 1325 1329 Lancicia
1359 1289 1419 1348 pro
1450 1269 1533 1332 sesto
1570 1269 1600 1333 b.
1631 1269 1803 1333 Adalberti
1839 1271 1976 1334 martiris

424 1375 579 1437 celebrari
602 1385 756 1436 statutam
782 1377 883 1438 ituros
906 1375 1150 1455 deputaverunt,
1182 1375 1298 1455 quibus
1329 1387 1362 1436 et
1393 1376 1523 1440 cuilibet
1555 1398 1667 1439 eorum
1700 1399 1757 1458 per
1788 1378 1820 1442 V
1853 1399 1975 1441 marcas

424 1484 553 1544 racione
577 1501 794 1562 expensarum
818 1481 1023 1562 assignarunt
1047 1493 1081 1543 et
1104 1481 1246 1544 dandum
1271 1482 1492 1545 decreverunt.

532 1619 577 1687 51
591 1621 619 1686 l.
645 1622 746 1702 (lbid.)
769 1621 850 1683 Item
874 1621 995 1683 eisdem
1013 1623 1072 1692 die,
1095 1622 1174 1684 hora
1192 1625 1322 1694 111010,
1344 1623 1460 1704 quibus
1476 1645 1583 1708 supra,
1608 1625 1750 1706 prelatus
1767 1626 1869 1689 Rmus
1887 1639 1977 1706 pater

424 1731 506 1793 dnus
529 1731 680 1792 Andreas
704 1729 794 1809 Epus
818 1729 913 1792 simul
936 1749 1009 1790 cum
1034 1729 1176 1810 capitulo
1199 1731 1437 1812 deputaverunt
1461 1732 1544 1794 dnos
1564 1732 1673 1794 Adam
1690 1733 1857 1806 decanum,
1883 1733 1977 1795 Nico·

424 1839 509 1899 laum
533 1837 702 1900 custodem
725 1849 758 1899 et
782 1856 909 1917 mgrum
934 1835 1102 1898 Nicolaum
1126 1837 1167 1898 de
1191 1837 1315 1901 Costen
1339 1839 1381 1898 ad
1404 1839 1597 1902 audiendum
1615 1841 1777 1902 racionem
1795 1841 1848 1902 dni
1864 1839 1978 1902 lohan-

424 1946 473 2006 nis
497 1944 734 2024 Twardowsky
758 1944 798 2005 de
821 1945 983 2024 perceptis
1006 1955 1039 2006 et
1063 1945 1223 2024 expositis
1247 1945 1380 2026 regie
1410 1966 1461 2007 co
1475 1965 1496 2007 n
1508 1955 1522 2009 t
1534 1948 1569 2008 ri
1584 1947 1604 2008 b
1618 1969 1637 2008 11
1650 1967 1668 2008 1
1681 1947 1690 2008 1
1704 1967 1725 2009 o
1738 1967 1758 2008 n
1772 1947 1780 2008 i
1793 1967 1818 2010 s.

637 2123 681 2182 A.
712 2134 803 2200 1459,
828 2119 934 2182 Martii
958 2136 989 2204 4,
1014 2121 1045 2180 in
1071 2121 1224 2201 capitulo,

531 2258 618 2326 512.
651 2261 702 2344 (ll.
729 2262 845 2342 209l..
875 2261 993 2324 Vener.
1020 2273 1129 2341 patres
1153 2273 1185 2325 11
1209 2263 1306 2326 dni..
1332 2265 1445 2344 prelati
1469 2275 1502 2328 et
1526 2266 1673 2328 canonici
1696 2266 1831 2329 ecclesie
1854 2266 1974 2328 Pozna-

424 2369 587 2431 niensis..
612 2369 678 2430 dno
701 2367 791 2430 Luca
814 2368 959 2450 palatino
975 2367 1116 2431 Poznan.
1133 2371 1368 2432 interveniente
1384 2381 1418 2434 et
1433 2384 1649 2453 promovente
1664 2394 1773 2436 vener.
1793 2375 1858 2436 dno
1875 2373 1973 2435 Urieli

423 2477 464 2538 de
489 2473 601 2539 Gorka
625 2477 792 2556 preposito
816 2475 956 2537 Poznan.
981 2475 1022 2538 de
1046 2475 1121 2537 Vlll
1147 2479 1261 2539 marcis
1285 2481 1414 2542 racione
1438 2480 1533 2541 studii
1550 2481 1788 2561 responderunt
1804 2491 1837 2542 et
1855 2481 1884 2540 in
1902 2500 1975 2561 pen·

424 2585 516 2646 sione
547 2603 605 2646 sua
629 2583 760 2645 easdem
792 2583 1004 2656 deduxerunt,
1036 2585 1085 2644 cui
1113 2584 1244 2664 insuper
1267 2585 1311 2646 ob
1336 2585 1478 2648 favorem
1503 2586 1556 2648 dni
1579 2587 1712 2668 palatini
1736 2587 1764 2649 ΙΙ
1788 2606 1912 2649 marcas
1936 2587 1974 2647 de

423 2692 532 2773 gracia
556 2691 759 2754 donaverunt
782 2689 927 2753 similiter
949 2689 1165 2752 deducendas.

637 2883 679 2944 A.
709 2899 800 2964 1459,
824 2881 900 2946 Maii
926 2899 975 2962 30,
1000 2884 1031 2944 in
1056 2883 1209 2964 capitulo.

532 3021 619 3090 513.
646 3023 694 3102 (11.
720 3025 808 3106 212⁰)
822 3073 848 3086 ..
874 3024 991 3088 Vener.
1016 3036 1126 3106 patres
1149 3035 1182 3087 et
1206 3025 1260 3088 dni
1274 3074 1303 3088 ..
1329 3025 1444 3106 prelati
1467 3038 1501 3090 et
1520 3029 1665 3090 canonici
1682 3029 1817 3092 ecclesie
1833 3027 1970 3090 Poznan.

423 3155 531 3196 vener.
549 3133 647 3196 dnum
665 3131 834 3194 Nicolaum
859 3132 899 3193 de
916 3130 1132 3195 Glambocecz
1156 3133 1414 3195 archidiaconum
1438 3135 1554 3196 iturum
1578 3135 1618 3197 ad
1643 3137 1778 3197 sinod
1792 3159 1811 3198 u
1824 3155 1856 3198 111
1880 3155 1973 3217 pro·

423 3241 681 3304 vincialem
713 3241 744 3300 in
776 3238 1048 3302 Lanciciam
1080 3260 1153 3300 cum
1182 3240 1253 3302 dnis
1276 3240 1414 3302 Nicolao
1438 3241 1575 3304 custode
1598 3252 1631 3304 et
1655 3259 1750 3323 mgro
1773 3241 1910 3304 Nicolao
1934 3240 1974 3302 de

423 3347 544 3412 Costen
569 3347 621 3410 diu
645 3347 827 3428 assignatis,
854 3346 904 3408 cui
929 3348 1024 3408 etiam
1051 3349 1180 3408 racione
1203 3347 1304 3428 latige
1327 3359 1360 3412 et
1384 3367 1601 3428 expensarum
1625 3348 1657 3410 V
1682 3368 1806 3410 marcas
1830 3349 1970 3411 dandum

423 3456 644 3518 decreverunt.

637 3629 681 3692 A.
712 3627 906 3708 1459111111
933 3643 959 3708 5,
984 3629 1015 3690 in
1039 3628 1189 3710 capitulo.

531 3768 618 3836 514.
649 3771 698 3852 (ll.
725 3771 808 3849 213).
834 3769 915 3833 Item
940 3771 1058 3832 ibidem
1082 3772 1165 3833 dnos
1189 3769 1359 3833 Nicolaum
1383 3771 1652 3846 archidiaconum,
1676 3773 1846 3835 Nicolaum
1870 3783 1973 3836 custo-

424 3880 497 3941 dem
522 3890 555 3941 et
579 3898 707 3960 mgrum
731 3877 900 3938 Nicolaum
924 3877 965 3938 de
989 3877 1111 3939 Costen
1145 3879 1347 3940 decretorum
1372 3879 1540 3941 doctorem
1568 3880 1608 3942 ad
1632 3880 1848 3942 sinodum
1880 3900 1972 3960 pro

423 4009 444 4050 v
457 3989 466 4050 i
479 4009 497 4048 n
511 4008 528 4048 c
541 3989 550 4048 i
561 4008 579 4048 a
592 3987 601 4048 l
615 4009 632 4048 e
646 4005 677 4047 m
702 4005 847 4066 pronunc
865 3987 895 4046 in
913 3985 967 4047 La
978 4005 998 4046 n
1009 3985 1117 4047 cicia
1134 3984 1199 4046 lieri
1217 3987 1368 4049 indictam
1385 3986 1425 4048 de
1439 4007 1525 4048 novo
1542 3987 1642 4049 ituros
1659 3987 1861 4068 deputarunt,
1877 3987 1973 4067 depu-

422 4096 566 4157 taciones
582 4104 678 4155 antea
702 4091 803 4154 lactas
826 4103 858 4155 et
875 4103 971 4154 antea
988 4091 1149 4154 faciendas
1166 4093 1207 4153 ad
1224 4094 1341 4155 dictam
1359 4095 1506 4156 sinodum
1529 4095 1689 4156 irritantes
1705 4105 1738 4157 et
1754 4095 1887 4157 eosdem
1904 4115 1972 4176 pro·

422 4213 587 4264 curatores
610 4202 862 4274 constituerunt,
895 4200 1025 4280 plenum
1056 4201 1242 4262 mandatum
1266 4201 1386 4263 eisdem
1411 4201 1643 4280 concedentes;
1675 4201 1879 4282 presentibus
1911 4213 1970 4264 etc.

635 4394 679 4457 A.
710 4407 801 4473 1459,
825 4393 904 4456 Iunii
930 4410 980 4472 30,
1004 4395 1036 4454 in
1061 4393 1203 4474 capitulo
1227 4396 1379 4474 generali.

531 4533 617 4600 515.
642 4535 689 4616 (ll.
716 4537 843 4617 214⁰)..
867 4535 972 4598 Rmus
996 4546 1089 4616 pater
1113 4535 1195 4597 dnus
1219 4535 1371 4598 Andreas
1394 4537 1492 4617 Epus,
1517 4535 1629 4598 Adam
1646 4537 1794 4610 decanus,
1819 4536 1972 4599 Nicolaus

422 4644 461 4704 de
486 4641 703 4704 Glambocecz
726 4643 978 4716 archidiaconus,
1013 4643 1127 4704 Petrus
1162 4642 1202 4703 de
1234 4642 1380 4724 Pnyewy
1414 4653 1535 4716 cantor,
1572 4643 1726 4706 Nicolaus
1760 4645 1801 4706 de
1822 4643 1969 4706 Sobotha

420 4761 538 4818 custos,
571 4749 707 4811 Iacobus
736 4750 776 4811 de
807 4749 1004 4831 Wigonowo
1036 4750 1234 4822 scolasticus,
1266 4748 1427 4812 lohannes
1459 4751 1499 4811 de
1523 4750 1625 4812 Czacz
1650 4751 1865 4824 cancellarius
1897 4751 1972 4813 Vin·

420 4858 549 4917 cencius
585 4857 625 4918 de
660 4855 862 4919 Strzallrowo
898 4857 1096 4920 Pczewensis
1139 4855 1392 4930 archidiaconus,
1428 4857 1575 4928 Mathias,
1610 4856 1770 4932 Clemens,
1810 4859 1968 4921 Iohannes

420 4961 666 5044 Twardowslry,
690 4963 924 5046 Sandiwogius,
949 4964 1164 5046 Rogalinsky,
1189 4961 1345 5043 Chibslry,
1370 4963 1565 5044 Wyslrotha,
1591 4962 1769 5028 Stanislaus
1786 4965 1826 5028 de
1843 4965 1972 5046 Dobye·

397 5069 559 5150 -schewo,
591 5090 671 5151 mgr.
704 5071 858 5133 Nicolaus
889 5071 1067 5152 Slrothsky,
1099 5071 1304 5132 Bernhardus
1337 5070 1577 5151 Wigonowsky
1602 5072 1717 5142 senior,
1749 5070 1908 5134 lohannes
1931 5071 1970 5132 de

418 5176 572 5257 Popowo
603 5177 727 5240 Hector
758 5178 799 5238 de
830 5178 1006 5259 Pyesczino
1038 5190 1070 5240 et
1092 5178 1231 5240 Iacobus
1255 5177 1442 5258 lablowslry
1466 5177 1581 5259 prelati
1605 5189 1637 5240 et
1661 5178 1806 5238 canonici
1835 5177 1969 5240 ecclesie

418 5283 555 5346 Poznan.
580 5285 621 5346 ad
645 5305 761 5346 sonum
785 5305 943 5366 campane
967 5285 1186 5366 capitulariter
1217 5285 1408 5365 congregati
1439 5285 1705 5365 capitulum
1742 5285 1970 5366 generale

419 5391 637 5456 celebrantes:
674 5393 838 5472 praefatus
868 5392 972 5454 Rmus
1000 5403 1094 5473 pater
1126 5393 1209 5455 dnus
1237 5391 1390 5454 Andreas
1413 5391 1503 5471 Epus
1527 5391 1641 5454 habuit
1664 5393 1835 5472 requisitos
1860 5411 1966 5472 supra·

418 5499 558 5578 scriptos
582 5500 664 5562 dnos
688 5501 865 5582 capitulum
889 5520 990 5572 suum,
1015 5501 1041 5562 si
1065 5520 1128 5581 qua
1151 5511 1262 5563 essent
1284 5501 1316 5560 in
1341 5519 1380 5561 eo
1405 5500 1502 5580 digna
1526 5499 1779 5580 reprehensione
1812 5512 1845 5562 et
1868 5517 1968 5560 emen·

419 5605 563 5684 dacione,
588 5607 641 5692 qui
665 5608 904 5692 responderunt
926 5608 1014 5672 nulla
1037 5629 1117 5684 esse,
1142 5608 1200 5670 sed
1224 5608 1334 5669 omnia
1358 5607 1451 5670 laude
1475 5607 1583 5694 digna.
