4458 6356
896 575 990 626 ACTA
1010 575 1173 625 CAPITULI
1192 575 1446 625 POZNANIENSIS

408 667 533 676 —.---›·-
557 669 613 674 .-—
663 669 799 674 —-.--.-..-.-
827 668 1007 675 ——-..-..

409 807 492 868 dnos
516 805 655 868 dnum..
681 806 786 886 Epum
813 805 1056 874 Lubucensem,
1084 804 1265 885 Johannem
1290 805 1460 866 custodem
1485 804 1691 876 Plocensem,
1724 803 1853 870 Petrum
1878 804 1964 866 Hun-

408 935 521 994 garum
545 911 804 974 archidiaconum
821 911 1052 984 Srzemensem
1077 913 1294 974 Nicolaum
1319 912 1367 974 de
1390 911 1553 992 Blonye
1576 911 1780 974 decretorum
1797 912 1964 974 doctorem

409 1031 441 1083 et
458 1019 669 1081 Benedictum
692 1019 733 1080 de
757 1019 880 1082 Costen
897 1019 1111 1100 presbiterum
1136 1020 1168 1080 in
1192 1029 1419 1100 procuratores
1436 1019 1566 1080 nomine
1583 1019 1687 1080 tocius
1704 1019 1834 1099 capituli
1850 1019 1965 1081 eonsti-

408 1137 546 1200 tuerunt,
571 1128 685 1188 dantes
710 1127 787 1208 ipsis
803 1125 989 1188 facultatem
1007 1125 1230 1188 omnimodam
1247 1127 1277 1188 in
1294 1124 1510 1188 Sacrosancto
1534 1125 1709 1206 Synodo
1733 1125 1965 1188 Basiliensi

408 1234 625 1315 comparendi,
649 1233 840 1296 tractatibus
865 1245 897 1296 et
921 1233 1168 1295 diffinicionibus
1192 1233 1358 1314 quibusvis
1383 1232 1595 1296 interessendi
1619 1243 1680 1294 etc.

623 1479 666 1542 A.
697 1495 795 1558 1433,
822 1475 975 1542 Octobris
1005 1479 1058 1550 16,
1083 1479 1115 1540 in
1139 1478 1293 1560 capitulo,

519 1644 602 1712 132,
629 1648 666 1730 (Ι.
697 1648 768 1726 116)
804 1647 886 1708 Item
910 1647 1029 1710 ibidem
1060 1667 1167 1709 vener.
1195 1647 1277 1709 dnus
1303 1646 1469 1728 Johannes
1494 1646 1534 1708 de
1558 1646 1741 1708 Drzewicza
1775 1646 1911 1709 vicarius
1934 1647 1964 1707 in

407 1755 631 1836 Spiritualibus
665 1755 760 1816 Pozn.
793 1755 951 1834 generalis
980 1755 1044 1816 vim
1075 1755 1266 1817 municionis
1302 1766 1416 1816 contra
1451 1753 1592 1836 [clerum]
1627 1774 1687 1834 pro
1719 1754 1962 1816 contribucione

408 1863 494 1924 Rmo
519 1863 602 1942 patri
626 1862 691 1924 dno
714 1860 876 1924 Stanislao
900 1861 974 1942 Epo
999 1881 1111 1924 versus
1135 1862 1311 1923 concilium
1335 1861 1580 1924 Basiliense
1604 1859 1710 1922 danda
1733 1860 1813 1922 infra
1836 1859 1909 1922 hinc
1933 1871 1966 1924 et

408 1969 583 2049 capitulum
608 1968 759 2050 generale
783 1967 911 2030 sustulit
935 1977 967 2030 et
990 1969 1022 2029 In
1046 1969 1173 2049 scriptis
1196 1967 1277 2030 tulit.

622 2205 664 2268 A.
696 2221 793 2284 1433,
819 2203 973 2268 Octobris
1003 2219 1057 2284 17,
1082 2206 1113 2267 in
1138 2205 1291 2286 capitulo.

519 2369 603 2438 133.
629 2373 662 2452 (I.
692 2372 764 2452 117)
792 2417 821 2436 ..
847 2372 971 2435 Honor.
1000 2373 1082 2434 dnus
1114 2373 1273 2444 lohannes
1296 2371 1466 2436 Gruschka
1490 2371 1635 2435 altarista
1658 2373 1688 2434 In
1713 2371 1847 2434 ecclesia
1871 2371 1965 2434 Pozn.

409 2491 600 2564 procurator
631 2500 738 2542 vener.
764 2479 816 2540 dni
846 2479 1016 2540 Nicolai
1049 2479 1097 2542 de
1128 2479 1369 2542 Drzewicza
1392 2479 1608 2541 archidiaconi
1632 2477 1911 2542 Warschoviensis
1935 2526 1963 2540 ..

409 2601 523 2652 tenens
548 2589 579 2648 in
604 2589 669 2648 suis
693 2587 839 2648 manibus
876 2587 998 2649 litteras
1030 2587 1104 2648 Rmi
1136 2589 1236 2666 patris
1266 2587 1320 2648 dni
1351 2585 1504 2650 Stanislai
1528 2586 1590 2665 Epi
1621 2585 1717 2648 Pozn.
1743 2586 1964 2648 institucionis,

408 2696 533 2778 prelato
558 2694 622 2756 dno
647 2693 783 2755 Nicolao
807 2693 1033 2755 archidiacono
1057 2693 1096 2755 de
1120 2695 1310 2756 canonicatu
1327 2703 1360 2756 et
1376 2693 1542 2774 prebenda
1558 2693 1748 2755 vacantibus
1765 2713 1823 2774 per
1839 2693 1962 2754 obitum

409 2803 462 2866 dni
486 2802 627 2864 Floriani
650 2801 690 2862 de
714 2799 881 2861 Poclathlri
902 2799 1010 2874 dataS,
1042 2819 1150 2862 vener.
1176 2811 1208 2862 et
1230 2799 1345 2862 honor.
1369 2803 1455 2862 viros
1469 2848 1496 2864 ..
1521 2800 1665 2880 prelatos
1689 2810 1722 2862 et
1744 2801 1960 2862 canonicos..

408 2909 585 2991 requisivit,
612 2907 762 2989 quatinus
785 2907 944 2988 prelatum
970 2907 1068 2968 dnum
1093 2907 1133 2968 N.
1159 2906 1373 2969 Drzeiviczski
1391 2907 1422 2968 ln
1439 2908 1630 2968 canonicum
1656 2909 1883 2987 reciperent..
1908 2907 1964 2987 qui

409 3016 463 3078 dni
486 3015 600 3097 prelati
624 3025 656 3078 et
679 3015 824 3076 canonici
860 3014 997 3076 eundem
1023 3061 1050 3076 ..
1072 3013 1253 3092 Johannem
1290 3012 1436 3076 Gruszka
1465 3014 1494 3075 in
1529 3033 1703 3094 personam
1735 3013 1812 3074 dicti
1845 3012 1899 3074 dni
1922 3012 1963 3075 N.

408 3121 622 3184 archidiaconi
645 3123 676 3184 in
701 3120 895 3183 confratrem
919 3130 952 3182 et
975 3121 1166 3182 canonicum
1190 3131 1427 3202 receperunt..

622 3358 664 3421 A.
695 3373 792 3436 1433,
817 3357 1013 3419 Novembris
1044 3375 1097 3432 12,
1122 3357 1153 3419 in
1176 3357 1319 3438 capitulo
1342 3357 1493 3438 generali¹

520 3523 604 3592 134.
630 3527 663 3609 (I.
692 3525 776 3606 119⁰)
810 3526 891 3588 Item
922 3525 1092 3606 prescripti
1124 3526 1178 3587 dni
1205 3525 1320 3606 prelati
1348 3535 1380 3589 et
1411 3527 1556 3587 canonici
1586 3535 1838 3600 consenserunt,
1876 3526 1965 3608 quod

409 3636 513 3696 Rmus
537 3645 628 3715 pater
651 3634 733 3695 dnus
757 3631 935 3696 StanIslaus
972 3631 1063 3712 Epus
1095 3632 1191 3695 Pozn.
1224 3633 1264 3695 de
1295 3633 1394 3694 domo
1425 3653 1497 3694 curn
1528 3634 1671 3714 capitulo
1703 3633 1965 3696 Warschoviensi

409 3740 626 3826 [componat],
650 3741 909 3814 committentes
933 3749 968 3802 ut
992 3759 1063 3801 earn
1086 3739 1214 3836 ordinet
1237 3761 1297 3820 pro
1321 3739 1381 3800 XII
1411 3741 1537 3802 marcis

623 3960 664 4024 A.
693 3975 791 4038 1433,
816 3957 1011 4022 Novembris
1040 3975 1095 4038 13,
1120 3959 1151 4020 in
1175 3959 1319 4040 capitulo
1343 3959 1494 4040 generali

520 4125 603 4194 135.
627 4129 662 4208 (I.
693 4131 765 4208 121)
790 4127 840 4189 De
864 4126 1109 4208 provisionibus.
1136 4127 1282 4190 -Item
1307 4127 1426 4189 ibidem
1450 4127 1621 4190 memorati
1646 4127 1700 4188 dni
1724 4127 1841 4208 prelati
1865 4138 1899 4190 et
1916 4149 1966 4190 ca-

408 4239 514 4300 nonici
538 4248 694 4318 percepto
719 4246 751 4298 et
775 4235 852 4316 ipsis
877 4255 935 4314 per
958 4235 1040 4296 dnos
1065 4233 1104 4296 de
1128 4234 1269 4314 capitulo
1295 4235 1462 4314 exposit0,
1494 4235 1631 4314 qualiter
1654 4235 1728 4296 ville
1753 4257 1809 4298 seu
1834 4256 1963 4316 posses-

408 4345 517 4408 siones
540 4361 651 4406 mense
675 4343 805 4422 capituli
830 4363 888 4422 per
911 4341 1121 4403 exercitus
1145 4352 1178 4403 et
1202 4342 1355 4404 transitus
1379 4341 1655 4404 Bohemorum
1680 4343 1712 4403 in
1735 4363 1854 4424 magna
1873 4353 1965 4424 parte

409 4453 553 4514 existunt
577 4451 607 4512 in
632 4451 727 4512 bonis
751 4450 914 4511 destructe
937 4459 970 4511 et
994 4437 1147 4520 desolate,
1173 4449 1224 4522 ita,
1254 4448 1342 4530 quod
1365 4449 1407 4510 ad
1432 4448 1631 4512 solucionem
1657 4470 1811 4512 censuum
1835 4452 1965 4514 minIme

409 4557 576 4630 sufficiunt,
601 4557 813 4646 decreverunt
836 4566 869 4618 et
892 4555 1140 4626 commiserunt,
1165 4556 1253 4636 quod
1277 4575 1391 4618 omnes
1414 4567 1447 4618 et
1471 4557 1590 4638 singuli
1622 4555 1737 4636 prelati
1761 4568 1794 4619 et
1819 4559 1966 4620 canonici

409 4665 634 4745 possessiones
658 4685 714 4726 seu
739 4663 1077 4744 provisiones'mense
1101 4661 1231 4742 capituli
1256 4661 1416 4725 habentes
1440 4663 1581 4745 dampna
1598 4665 1819 4745 provisionum
1836 4685 1964 4727 suarum

409 4769 591 4832 huiusmodi
614 4791 651 4831 ac
675 4768 888 4831 kmethonum
912 4769 1130 4848 conspicient,
1154 4769 1270 4849 quibus
1293 4771 1478 4851 conspectis
1502 4771 1685 4834 soluciones
1702 4791 1856 4834 censuum
1874 4773 1963 4836 iuxta

410 4878 645 4940 conscienciam
670 4877 812 4958 ipsorum
836 4874 1031 4960 [delalcentl.

623 5097 665 5160 A.
694 5113 791 5176 1433,
816 5095 1011 5159 Novembris
1040 5109 1086 5177 15,
1109 5097 1141 5158 111
1165 5095 1306 5177 capitulo
1331 5095 1484 5178 generali·

521 5254 605 5322 136.
630 5258 663 5339 (I.
692 5258 780 5338 124⁰)
804 5257 885 5320 Item
908 5257 1023 5319 honor.
1048 5257 1145 5318 dnum
1166 5256 1323 5318 Mathiam
1348 5253 1557 5337 Chlapowski
1581 5276 1694 5318 canon.
1719 5257 1813 5321 Pozn.
1840 5279 1859 5320 a
1883 5259 1964 5322 solu·

410 5367 503 5427 cione
527 5366 692 5446 pensionis
715 5365 755 5428 de
779 5365 854 5428 villa
878 5364 1079 5428 CocosczIno
1104 5365 1324 5446 provenientis
1348 5362 1427 5425 infra
1450 5363 1523 5426 hinc
1541 5374 1575 5428 et
1591 5365 1673 5428 duos
1688 5385 1792 5428 annos
1810 5366 1965 5431 inclusive
2040 5407 2042 5410 -

410 5473 545 5535 liberum
571 5471 757 5558 [lecerunt],
794 5471 989 5536 kmethones
1021 5493 1099 5536 vero
1130 5471 1204 5536 ville
1236 5469 1379 5535 eiusdem
1404 5470 1446 5534 ad
1469 5472 1640 5534 triennium
1663 5492 1683 5534 a
1706 5472 1873 5536 solucione
1896 5493 1966 5537 cen-

412 5600 505 5643 suum
530 5579 676 5644 similiter
700 5579 953 5644 induciaverunt.
