4458 6356
861 571 1041 622 ANNORUM
1061 568 1245 624 1433-1434.

269 661 1508 692 *W

481 784 523 847 A.
554 801 651 864 1433,
676 783 865 847 Decembris
891 800 932 846 22
946 783 987 861 1),
1010 785 1041 844 in
1066 783 1210 863 capitulo

379 921 463 990 137.
500 926 535 1006 (I.
566 926 638 1007 127)
670 925 752 989 Item
784 925 902 988 ibidem
933 945 1040 988 vener.
1066 925 1153 988 viros
1184 925 1269 987 dnos
1293 924 1333 987 N.
1358 924 1567 986 scolasticum
1591 934 1625 987 et
1648 923 1823 987 Albertum

267 1032 307 1094 de
326 1032 533 1113 Jaroschewo
568 1032 828 1096 archidiaconum
864 1033 1089 1096 Pczewensem
1121 1034 1162 1096 ad
1194 1033 1543 1113 comportandum
1575 1042 1742 1096 statuta
1765 1051 1824 1113 per

268 1139 352 1203 dnos
375 1140 414 1203 de
438 1140 580 1222 capitulo
605 1141 636 1202 in
660 1141 810 1221 capitulis
833 1139 1038 1222 generalibus
1062 1140 1194 1204 condita
1218 1141 1466 1220 deputaverunt.

480 1359 524 1424 A.
554 1377 650 1440 1434,
671 1361 810 1440 Januarii
840 1379 892 1439 19,
918 1360 950 1422 in
974 1360 1126 1442 capitulo.

377 1497 461 1566 138.
495 1501 530 1582 (1.
561 1505 634 1583 128)
670 1501 835 1566 Statutum
867 1501 908 1566 de
937 1502 1069 1584 rapinis.
1094 1538 1136 1549 -
1161 1501 1222 1564 Die
1253 1501 1367 1564 Martis
1390 1500 1471 1564 XVI
1494 1499 1529 1582 (s)
1549 1499 1688 1579 Januarii
1714 1498 1823 1562 ..dni

262 1607 426 1688 Johannes
450 1610 490 1672 de
514 1608 696 1671 Drzewicza
720 1611 857 1674 vicarius
881 1612 913 1672 in
937 1609 1163 1691 Spiritualibus
1188 1609 1326 1670 Poznan.
1350 1629 1478 1690 gener,
1502 1607 1657 1670 Nicoiaus
1681 1605 1822 1668 scolasti-

267 1736 338 1790 cus,
363 1736 445 1798 mgr.
470 1715 658 1798 Strzeszk0‚
694 1716 852 1780 Albertus
877 1718 917 1780 de
937 1718 1145 1798 Jaroschewo
1177 1715 1421 1778 archidiaconus
1446 1715 1662 1786 Pczewensis‚
1698 1712 1823 1776 Hector

266 1823 451 1904 prepositus
474 1821 734 1898 GiuschinensiS,
766 1823 882 1887 Petrus
907 1824 1088 1906 Nowyecz‚
1119 1823 1261 1904 Jacobus
1286 1823 1327 1884 de
1357 1822 1583 1902 Wyganowo,
1618 1818 1759 1882 Mathias
1782 1817 1823 1880 de

266 1930 448 2016 Tamowo,
472 1927 597 2012 Slupko
621 1931 662 1992 de
685 1929 900 2009 Schamotuli,
925 1931 1079 1993 Nicoiaus
1095 1929 1266 2003 Srzemski,
1289 1928 1459 2010 Philippus
1475 1926 1646 2002 Ceczurad,
1670 1925 1822 1990 Andreas

267 2037 307 2098 de
330 2035 488 2100 Sarnowo
512 2047 544 2100 et
569 2036 722 2100 Clemens
746 2037 890 2100 officialis
921 2039 1037 2118 prelati
1061 2049 1094 2100 et
1118 2038 1265 2100 canonici
1295 2035 1520 2110 attendentes,
1551 2035 1688 2116 qualiter
1711 2034 1823 2116 rapine

266 2144 415 2206 inbonis
439 2154 472 2207 et
496 2143 567 2206 aliis
591 2145 687 2207 rebus
711 2145 863 2208 omnibus
886 2155 963 2225 post
987 2145 1095 2208 obitus
1119 2143 1317 2226 prelatorum
1342 2154 1374 2206 et
1391 2143 1619 2205 canonicorum
1636 2162 1673 2204 ac
1689 2141 1823 2204 aliarum

266 2271 477 2332 personarum
500 2272 559 2331 per
582 2253 818 2316 ecclesiasticas
841 2263 875 2316 et
898 2253 977 2315 alias
1001 2253 1144 2316 diversas
1168 2272 1326 2334 personas
1350 2251 1642 2314 committebantur
1666 2257 1699 2312 et
1715 2247 1823 2310 illicite

266 2356 527 2420 distrahebantur
551 2359 582 2419 in
605 2359 815 2440 vilipendium
839 2360 974 2422 ecclesie
998 2371 1031 2422 et
1054 2379 1266 2442 personarum
1291 2359 1408 2440 ipsius,
1441 2357 1632 2422 tractatibus
1663 2356 1759 2438 igitur
1781 2353 1823 2417 de

266 2465 430 2546 premissis
455 2465 647 2544 prehabitis‚
671 2465 838 2542 nolentes,
871 2467 960 2548 quod
984 2467 1053 2529 aliis
1077 2487 1175 2545 super
1198 2467 1318 2547 rapinis
1341 2464 1526 2527 huiusmodi
1550 2461 1685 2544 sequela
1708 2461 1749 2524 de
1771 2479 1823 2522 ce-

265 2582 336 2632 tero
360 2571 546 2652 prebeatur,
571 2572 783 2634 decreverunt
808 2594 866 2653 per
890 2573 1022 2635 modum
1045 2575 1160 2636 statuti
1185 2583 1218 2636 et
1242 2573 1487 2644 ordinaverunt,
1517 2571 1607 2652 quod
1631 2571 1657 2632 si
1681 2569 1822 2650 preposi-

265 2688 333 2750 tuS,
359 2678 518 2758 prelatus,
541 2681 716 2742 canonicus
739 2691 795 2742 aut
819 2691 976 2742 executor
998 2680 1111 2742 ultime
1134 2680 1311 2743 voluntatis
1343 2678 1484 2740 defuncti
1508 2677 1549 2740 de
1572 2678 1693 2758 rapinis
1716 2675 1823 2738 huius·

265 2785 352 2845 modi
377 2805 411 2845 se
437 2787 646 2848 intromiserit
670 2787 782 2867 quavis
807 2789 936 2849 racione
960 2797 993 2850 et
1018 2787 1058 2850 de
1082 2787 1195 2868 rapina
1211 2807 1270 2868 per
1287 2786 1384 2850 talem
1401 2785 1575 2848 commissa
1591 2785 1822 2846 documentum

264 2890 424 2953 sufficiens
448 2891 558 2954 haberi
583 2893 720 2973 poterit,
755 2894 797 2955 ab
822 2895 969 2974 ingressu
1001 2893 1136 2956 ecclesie
1160 2904 1192 2957 et
1226 2892 1460 2956 releccionibus
1492 2893 1560 2954 dari
1591 2890 1757 2953 consuetis
1780 2889 1821 2951 ad

265 3017 363 3060 unum
387 2999 527 3061 medium
551 3019 671 3062 annum
694 3001 735 3062 sit
758 3000 1017 3080 suspendendus.
1053 2999 1086 3062 Si
1110 3021 1188 3062 vero
1213 3001 1354 3062 vicarius
1380 3010 1435 3062 aut
1463 2999 1624 3073 altarista,
1656 2999 1822 3061 sentencia

266 3107 612 3169 excommunicacionis
637 3107 679 3170 sit
703 3108 920 3188 innodandus‚
945 3129 964 3169 a
988 3127 1052 3188 qua
1075 3128 1141 3170 non
1166 3107 1253 3188 prius
1277 3107 1480 3180 absolvatur,
1505 3126 1608 3188 usque
1624 3115 1717 3187 rapta
1735 3104 1822 3167 resti·

265 3221 343 3275 tuat.
367 3211 401 3276 Si
424 3233 502 3275 vero
525 3234 666 3295 persona
690 3215 841 3278 secularis
865 3214 966 3290 fuerit,
990 3215 1109 3276 carceri
1134 3216 1174 3278 sit
1198 3213 1394 3295 deputanda.

479 3431 523 3496 A.
554 3449 652 3512 1434,
675 3431 841 3496 Februarii
870 3434 924 3508 16,
949 3435 980 3496 in
1005 3434 1160 3515 capitul0.

376 3568 460 3638 139.
486 3573 518 3654 (1.
549 3573 618 3654 130)
649 3573 731 3636 item
756 3574 968 3638 decreverunt
993 3574 1058 3658 [dni
1082 3575 1197 3656 prelati
1222 3585 1255 3637 et
1281 3574 1455 3658 canonici],
1488 3576 1577 3658 quod
1599 3575 1714 3638 honor.
1739 3574 1822 3637 dnus

265 3679 306 3742 N.
332 3679 517 3742 ianthman
541 3701 656 3748 canon,
681 3679 776 3744 Pozn.
795 3681 901 3744 solvat
918 3682 979 3744 VII
997 3703 1121 3746 marcas
1138 3683 1248 3746 relicte
1266 3682 1354 3745 Luce
1370 3683 1411 3744 de
1427 3683 1588 3745 Poznania
1604 3701 1664 3764 pro
1681 3701 1821 3762 panno

265 3806 326 3868 pro
350 3787 416 3849 dno
439 3788 702 3850 vicecancellario
726 3799 869 3870 recepto

481 4007 515 4069 A
554 4024 650 4088 1434,
675 4007 782 4070 Martii
803 4026 841 4086 9,
865 4009 897 4070 in
921 4009 1074 4090 capitulo

376 4145 460 4215 140.
485 4150 518 4232 (1.
541 4150 637 4232 ,1330)
668 4149 748 4212 Item
782 4150 900 4212 ibidem
931 4171 1039 4215 vener.
1064 4152 1147 4214 dnus
1170 4151 1337 4232 Johannes
1361 4152 1401 4214 de
1424 4150 1608 4214 Drzewicza
1630 4151 1766 4213 vicarius
1790 4150 1822 4212 in

264 4255 488 4338 Spiritualibus
511 4256 606 4319 Pozn.
624 4257 784 4338 generalis
809 4257 960 4320 eflectum
984 4279 1195 4338 processuum
1220 4269 1332 4322 contra
1350 4259 1469 4320 clerum
1492 4258 1589 4320 Pozn.
1607 4257 1744 4320 diocesis
1760 4277 1820 4339 pro

265 4364 595 4426 contribucione
630 4365 814 4444 pecuniaria
849 4385 909 4445 pro
939 4365 1005 4426 dno
1037 4365 1111 4446 Epo
1147 4366 1286 4429 Poznan.
1320 4365 1553 4429 contribuenda
1588 4364 1667 4428 infra
1690 4365 1764 4427 hinc
1788 4375 1821 4428 et

262 4481 395 4534 octavas
419 4469 448 4534 b.
468 4469 557 4534 'Petri
581 4479 613 4533 et
637 4469 725 4533 Pauli
748 4471 972 4551 apostolorum
997 4471 1135 4536 sustulit.

479 4689 521 4750 A.
551 4707 649 4770 1434,
669 4690 741 4770 Julii
765 4705 794 4770 7,
820 4692 851 4752 in
876 4691 1018 4772 capitulo
1042 4693 1195 4775 generali.

374 4825 457 4896 141.
492 4830 524 4911 (1.
555 4829 644 4910 138⁰)
669 4881 695 4896 ..
721 4833 840 4896 Vener.
866 4845 899 4897 et
923 4833 1040 4898 honor.
1066 4836 1165 4898 dni..
1190 4835 1304 4917 prelati
1337 4845 1370 4898 et
1400 4835 1546 4897 canonici
1571 4882 1599 4898 ..
1623 4853 1731 4897 vener.
1755 4833 1820 4894 dno

263 4935 400 4999 Nicolao
424 4938 464 5000 de
487 4937 713 5020 Nyewyeschs
737 4942 862 5004 cantori
887 4941 1027 5006 Poznan.
1053 4943 1221 5006 licenciam
1245 4943 1466 5006 omnimodam
1490 4943 1522 5004 in
1546 4941 1689 5005 studio
1712 4939 1821 5020 aliquo

263 5043 465 5126 privilegiato
489 5045 595 5108 standi
617 5057 856 5123 concesserunt,
881 5058 913 5112 et
937 5049 1022 5111 idem
1047 5050 1130 5113 dnus
1164 5049 1203 5112 N.
1234 5060 1349 5113 cantor
1380 5049 1545 5132 quamcito
1568 5047 1609 5110 de
1633 5047 1822 5128 incepcione

262 5151 358 5214 studii
382 5171 440 5232 per
462 5151 586 5216 litteras
616 5157 750 5217 rectoris
774 5165 829 5217 aut
853 5156 1003 5218 ordinarii
1034 5158 1187 5232 docuerit,
1219 5157 1260 5221 de
1284 5156 1384 5239 duplo
1416 5155 1634 5238 persolvendo
1658 5154 1760 5217 eidem
1785 5171 1820 5215 se

264 5257 415 5322 dixerunt
438 5269 471 5322 et
493 5262 711 5342 promiserunt
735 5282 950 5343 responsuros
958 5285 965 5343 ;
990 5264 1195 5345 presentibus
1219 5275 1279 5328 etc.

266 5453 575 5462 -—-—....-——

373 5589 392 5657 ¹)
412 5591 567 5660 Oryginalne
589 5596 648 5644 dota
668 5595 779 5664 opiewa:
801 5595 866 5646 »Die
886 5595 974 5646 Martis
993 5595 1055 5645 xlx
1074 5597 1249 5651 Decembris«.
