4458 6356
944 549 1033 620 ANNI
1059 547 1138 604 1432.
1788 566 1824 632 17

273 647 295 652 ...
317 647 397 653 -.-.-.
410 646 607 652 -.....-.—-.--
620 649 627 652 -
665 647 690 652 .-
718 647 724 650 -
753 647 762 650 -
778 646 990 652 -—--—·——---
1006 644 1824 658 --ssW--u———ffl

480 766 524 830 A.
553 782 654 851 1432,
678 734 875 829 Novembris
897 783 936 845 4,
960 767 992 829 in
1016 769 1168 850 capitulo.

374 904 436 974 80.
461 908 493 991 (l.
519 911 537 972 8
543 907 590 989 5⁰)
614 908 665 971 De
688 907 821 972 decimis
845 907 1128 974 archidiaconatus
1151 911 1415 975 Warszoviensis.
1442 948 1483 955 —
1507 909 1614 971 Primo
1638 909 1670 970 in
1692 905 1823 969 Parsch-

267 1035 364 1079 nowo
386 1015 473 1096 apud
496 1013 688 1078 Michaelem
723 1015 934 1080 kmethonem
965 1027 1031 1081 tres
1062 1021 1168 1081 acervi
1204 1018 1364 1082 habentur
1398 1018 1532 1099 siliginis
1563 1027 1597 1080 et
1620 1016 1684 1079 duo
1708 1015 1804 1079 tritici
1812 1034 1820 1091 ;

268 1123 345 1185 item
377 1122 408 1184 in
438 1122 500 1184 alia
534 1121 751 1185 Parschnowo
786 1123 873 1204 apud
904 1123 1074 1188 Andream
1109 1145 1190 1188 unus
1222 1125 1355 1207 sigilinis
1379 1135 1412 1187 et
1436 1124 1518 1188 alter
1542 1123 1653 1202 tritici;
1689 1123 1766 1185 item
1791 1122 1824 1182 in

269 1229 454 1311 liiscupicze
477 1229 564 1310 apud
586 1227 783 1292 Stanislaum
812 1250 894 1293 unus
926 1231 1059 1312 siliginis
1092 1242 1125 1295 et
1148 1232 1230 1295 alter
1253 1233 1348 1295 tritici
1357 1253 1364 1309 ;
1400 1233 1478 1294 item
1503 1231 1534 1292 in
1558 1230 1710 1292 Fascicze
1734 1228 1820 1310 apud

265 1335 444 1416 Johannem
476 1357 559 1399 unus
590 1337 722 1418 siliginis
746 1347 779 1400 et
802 1336 884 1400 alter
907 1338 1019 1414 tritici,
1043 1339 1074 1400 in
1099 1340 1201 1402 tercio
1225 1359 1303 1401 vero
1328 1358 1447 1416 avena;
1472 1338 1605 1402 itemin
1630 1337 1726 1398 Wola
1749 1355 1820 1417 pre·

269 1444 365 1524 positi
388 1443 475 1524 apud
493 1443 650 1523 Jacobum
674 1463 809 1506 acervus
833 1444 981 1527 siliginis,
1006 1446 1038 1507 in
1061 1446 1164 1508 altero
1196 1446 1225 1529 ¹),
1253 1445 1348 1508 tritici
1356 1465 1363 1522 ;
1388 1445 1465 1508 item
1490 1445 1521 1506 iu
1546 1444 1643 1506 Wola
1673 1442 1822 1524 sequenti

268 1551 425 1631 prepositi
448 1550 557 1613 IIII-or
578 1551 697 1613 acervi:
721 1551 786 1613 duo
809 1551 944 1633 siliginis
967 1562 1000 1615 et
1024 1552 1089 1614 duo
1112 1553 1223 1629 tritici;
1249 1553 1326 1615 item
1350 1553 1381 1614 in
1406 1551 1522 1613 minori
1545 1549 1642 1612 Wola
1666 1549 1825 1631 prepositi

267 1657 299 1719 in
323 1678 387 1720 uno
410 1677 528 1720 acervo
553 1657 678 1720 decima
701 1668 782 1735 stat;
816 1660 893 1721 item
925 1659 957 1721 in
980 1659 1184 1722 Radzimicze
1215 1658 1407 1723 kmethones
1440 1667 1587 1721 emerunt
1618 1667 1694 1738 post
1724 1675 1823 1738 agros

268 1764 433 1845 proprios;
467 1766 545 1828 item
569 1767 601 1828 in
624 1765 751 1846 Blonye
785 1763 953 1829 solverunt
975 1765 1073 1829 XXX
1096 1785 1221 1830 marcas
1245 1766 1392 1848 opidani;
1429 1769 1507 1831 item
1531 1767 1563 1828 in
1587 1763 1720 1846 Ossyek
1743 1784 1825 1827 unus

268 1891 417 1948 acervus;
442 1871 520 1935 item
544 1872 576 1934 in
600 1870 762 1936 Casslicze
784 1881 856 1937 tota
879 1883 930 1936 est
953 1884 1107 1936 cremata.

482 2065 525 2128 A.
555 2082 655 2145 1432,
678 2065 877 2130 Novembris
905 2083 960 2142 12,
984 2067 1016 2128 in
1040 2065 1183 2149 capitulo
1207 2066 1361 2149 generali.

381 2203 443 2271 8l.
468 2207 503 2287 (l.
530 2207 585 2286 86)
604 2206 733 2286 Jarandi
756 2205 879 2270 Pellicz.
903 2207 965 2270 Die
988 2207 1175 2272 Mercurii..
1200 2209 1314 2272 honor.
1340 2208 1424 2272 dnus
1452 2209 1609 2288 Jarandus
1632 2207 1823 2270 scolasticus

271 2313 527 2385 crusviciense,
563 2313 684 2387 Rdum,
708 2333 817 2376 vener.
842 2323 875 2377 et
898 2313 1012 2377 honor.
1036 2318 1123 2379 viros
1147 2317 1230 2379 dnos
1253 2315 1450 2380 Stanislaum
1475 2316 1582 2397 Epum
1605 2316 1709 2389 Pozn,
1734 2315 1826 2377 Pred-

269 2421 402 2502 vogium
425 2420 466 2483 de
489 2418 610 2483 Grandi
634 2420 787 2482 vicarium
811 2421 843 2482 in
866 2418 1092 2502 Spiritualibus
1114 2421 1212 2486 Pozn.
1236 2443 1355 2504 gener.‚
1380 2423 1550 2485 Nicolaum
1567 2423 1608 2484 de
1624 2421 1736 2486 Gorka
1752 2441 1827 2483 can-

270 2528 451 2608 cellarium,
477 2526 647 2590 Nicolaum
672 2527 896 2604 scolasticum,
920 2527 1091 2590 Nicolaum
1115 2528 1220 2603 Pozn,
1245 2529 1375 2592 Petrum
1399 2528 1638 2602 Srzemensem,
1670 2527 1826 2608 Jacobum

270 2633 493 2698 Pczewensem
517 2633 771 2708 archidiaconos,
791 2634 974 2714 Janussium
999 2635 1039 2698 de
1063 2633 1248 2709 Scholow0,
1272 2635 1461 2698 Florianum
1478 2635 1518 2698 de
1535 2633 1712 2707 Poclathki,
1735 2631 1827 2712 Slup·

271 2741 389 2805 konem
414 2741 579 2823 Bronissy,
603 2740 774 2804 Nicolaum
798 2740 993 2816 Lanthman,
1018 2741 1174 2806 Mathiam
1199 2743 1240 2805 de
1264 2741 1454 2824 Chlapowo,
1484 2741 1660 2804 Hectorem
1686 2742 1828 2822 preposi-

270 2859 339 2912 tum
363 2847 641 2923 Gluschinensem,
665 2845 928 2912 Swanthoslaum
952 2848 1073 2924 Swath,
1097 2848 1301 2931 Slupkonem
1325 2851 1366 2912 de
1381 2849 1589 2922 Schamotuli,
1613 2847 1769 2910 Mathiam
1786 2846 1827 2909 de

271 2955 444 3028 Tarnowo,
468 2954 640 3018 Nicolaum
664 2953 897 3030 Srzemensem,
921 2954 1094 3020 Albertum
1117 2956 1158 3018 de
1176 2956 1369 3036 Jaroszewo,
1389 2955 1570 3036 Johannem
1587 2954 1627 3016 de
1643 2954 1827 3016 Drzewicza

270 3071 303 3125 et
323 3060 505 3141 Johannem
529 3061 672 3124 Furman
695 3061 840 3142 prelatos
865 3073 898 3125 et
915 3063 1131 3126 canonicos..
1156 3064 1269 3144 vigore
1286 3062 1464 3126 litterarum
1488 3062 1742 3142 apostolicarum
1759 3081 1826 3122 mo-

270 3171 339 3231 nuit
362 3179 395 3231 et
418 3169 598 3250 requisivit,
630 3170 780 3250 quatinus
803 3169 909 3250 ipsum
933 3171 965 3231 in
988 3170 1258 3251 prepositum
1294 3170 1564 3250 prepositure
1596 3168 1742 3230 vacantis
1767 3187 1824 3247 per

269 3275 393 3339 obitum
417 3275 494 3338 olim
518 3276 573 3338 dni
597 3273 726 3338 Alberti
745 3275 1006 3358 Jastrzambyecz
1030 3277 1186 3356 prepositi
1210 3265 1306 3339 szn.
1331 3278 1512 3358 reciperent
1535 3295 1574 3337 ac
1590 3275 1631 3337 ad
1647 3275 1822 3356 possessio·

270 3402 344 3445 nem
368 3382 511 3445 eiusdem
536 3384 740 3463 prepositure
763 3383 970 3452 admitterent
994 3394 1028 3448 et
1050 3383 1113 3446 alia
1135 3383 1296 3459 lacerent,
1320 3404 1383 3464 que
1406 3384 1485 3464 ipsis
1508 3383 1540 3444 in
1564 3382 1686 3445 eisdem
1711 3381 1827 3444 litteris

270 3489 458 3571 apostolicis
482 3490 728 3553 mandabantur.
768 3487 832 3570 Qui
855 3489 948 3553 Rdus
971 3500 1066 3572 pater
1089 3491 1172 3553 dnus
1195 3489 1376 3553 Stanislaus
1400 3489 1493 3570 Epus
1516 3509 1554 3551 ac
1578 3489 1654 3552 dicti
1678 3488 1732 3550 dni
1756 3509 1826 3570 pre-

268 3595 324 3660 lati
347 3607 380 3660 et
403 3598 549 3660 canonici
573 3597 667 3660 dictis
690 3597 804 3660 litteris
828 3599 968 3680 receptis
1003 3599 1146 3680 ipsisque
1178 3598 1255 3661 visis
1286 3607 1319 3660 et
1343 3597 1434 3660 lectis
1459 3596 1617 3676 prelatum
1653 3594 1752 3657 dnum
1771 3594 1824 3674 Ja-

269 3703 405 3766 randum
428 3705 460 3766 in
485 3703 679 3767 confratrem
702 3714 736 3766 et
759 3705 962 3785 prepositum
985 3715 1179 3786 receperunt
1203 3705 1306 3767 acad
1329 3707 1572 3787 possessionem
1604 3702 1689 3768 dicte
1713 3721 1826 3784 prepo-

270 3811 369 3874 siture
393 3810 605 3884 admiserunt,
630 3811 875 3892 presentibus..
1359 3870 1360 3873 ,

377 3913 438 3982 82.
463 3917 570 3999 (ibid.)
592 3917 716 3981 Item..
741 3919 796 3980 dni
818 3919 934 4000 prelati
956 3927 990 3982 et
1013 3921 1159 3981 canonici
1182 3921 1352 3982 terminum
1377 3919 1552 3982 solucionis
1575 3936 1635 3999 pro
1652 3925 1776 3980 statuto
1792 3927 1825 3977 et

270 4043 376 4105 cappa
399 4023 479 4087 inira
501 4024 576 4087 hinc
600 4034 634 4088 et
657 4025 775 4088 festum
798 4025 829 4087 b.
853 4024 938 4089 Petri
968 4035 1001 4089 et
1024 4025 1112 4088 Pauli
1141 4025 1283 4107 apostol.
1315 4034 1574 4108 prorogaverunt
1609 4022 1736 4104 prelato
1760 4021 1826 4082 dno

266 4131 407 4210 Jarando
440 4131 614 4194 scolastico
649 4130 872 4195 Crusviciensi.
904 4131 1030 4196 Item..
1056 4133 1141 4195 idem
1173 4133 1257 4195 dnus
1284 4133 1480 4211 Jarandus..
1505 4132 1763 4194 iuramentum..
1787 4127 1827 4190 de

271 4237 484 4302 observandis
506 4239 679 4302 statutis..
704 4239 845 4320 prestitit
867 4240 1047 4320 corporale.

484 4429 526 4493 A.
557 4447 655 4510 1432,
680 4429 877 4494 Novembris
906 4446 959 4508 13,
982 4429 1014 4492 in
1038 4429 1181 4513 capitulo
1207 4429 1359 4512 generali.

378 4568 440 4638 83.
476 4571 511 4654 (Ι.
537 4571 607 4650 86⁰)
642 4571 707 4634 Dni
734 4572 864 4652 Jarandi
895 4571 1017 4636 Pellicz.
1042 4607 1086 4616 -—
1109 4571 1190 4634 Item
1222 4591 1328 4634 vener.
1353 4571 1436 4632 dnus
1455 4568 1612 4649 Jarandus
1638 4569 1828 4633 scolasticus

270 4678 510 4742 Crusviciensis
545 4679 687 4760 graciam
711 4679 952 4760 expectativam
984 4677 1051 4741 Smi
1076 4679 1177 4760 patris
1201 4678 1256 4741 dni
1280 4678 1450 4759 Eugenii
1475 4697 1576 4758 pape,
1601 4676 1642 4739 de
1664 4675 1828 4739 beneficiis

271 4786 497 4849 ecclesiasticis
532 4786 592 4849 sibi
622 4785 733 4850 datam
756 4787 917 4868 graciose,
949 4785 1025 4849 Rdo
1056 4787 1140 4866 patri
1172 4785 1238 4847 dno
1271 4783 1434 4847 Stanislao
1457 4783 1532 4865 Epo
1554 4783 1649 4846 Pozn.
1674 4783 1712 4845 a‘c
1736 4783 1830 4845 dictis

269 4893 342 4956 dnis
365 4893 496 4974 prelatis
520 4903 554 4957 et
577 4893 740 4956 canonicis
763 4894 939 4967 intimavit,
963 4892 1135 4956 insinuavit
1159 4901 1191 4956 et
1215 4890 1402 4956 notificavit.

486 5104 529 5168 A.
559 5120 657 5184 1432,
681 5104 878 5168 Novembris
907 5121 961 5183 14,
985 5105 1017 5166 in
1041 5103 1184 5186 capitulo
1209 5102 1359 5185 generali.

376 5243 438 5313 84.
462 5247 495 5327 (Ι.
521 5247 576 5328 87)
600 5247 682 5310 Item
714 5246 832 5310 ibidem
863 5246 940 5310 dicti
964 5247 1019 5310 dni
1042 5246 1158 5328 prelati
1190 5255 1223 5308 et
1246 5243 1392 5307 canonici
1417 5263 1522 5306 vener.
1547 5243 1616 5305 viro
1640 5242 1707 5306 dno
1731 5261 1828 5324 mgro

269 5356 436 5436 preposito
452 5354 549 5417 Pozn.
567 5354 765 5436 Wysszothe
780 5353 946 5416 licenciam
963 5353 1191 5428 omnimodam,
1208 5351 1360 5434 quamdiu
1374 5349 1538 5432 placuerit,
1554 5351 1587 5412 in
1603 5351 1750 5414 studio
1771 5369 1830 5432 ge·

270 5460 406 5524 nerali
429 5460 536 5525 standi
559 5469 790 5525 concesserunt
806 5469 840 5524 et
856 5459 896 5522 de
912 5459 1012 5541 duplo
1039 5461 1139 5523 eciam
1163 5456 1393 5540 respondendo
1417 5458 1548 5520 racione
1572 5458 1715 5520 cantorie
1732 5477 1767 5520 se
1784 5456 1830 5518 di-

269 5578 387 5632 xerunt
418 5568 502 5631 velle
535 5587 749 5650 responsuros
773 5568 804 5629 in
828 5568 972 5631 terminis
1008 5565 1172 5648 deputatis
1207 5566 1297 5628 iuxta
1321 5574 1495 5643 statutum;
1532 5565 1601 5646 ipse
1634 5585 1710 5626 vero
1748 5582 1829 5644 mgr.

377 5681 473 5722 Nonum.
489 5679 552 5722 medii
566 5681 614 5722 aevl
630 5680 679 5722 hist.
695 5679 758 5720 Xlll.
1659 5685 1676 5736 3
