4390 6368
803 583 985 636 annoaun
1005 581 1189 638 rana-1510.
1719 603 1777 670 195

266 675 541 682 --·—---—-.--...—
568 677 713 682 ...-...---.
731 679 735 684 ,
1179 680 1195 684 ,,
1209 679 1348 686 -ὴ-
1724 683 1732 688 .
1742 683 1752 686 -
1763 683 1779 688 .-

222 797 334 862 Oleski
358 799 588 860 canonicorum
613 798 763 872 Poznan.,
789 819 869 880 quas
887 797 914 861 C
932 819 1057 862 marcas
1081 799 1225 882 prelatus
1242 801 1324 864 dnus
1341 800 1499 864 Martinus
1524 801 1564 864 de
1581 802 1780 865 Dambrowa

220 907 261 970 ad
284 904 478 970 servandum
504 906 642 986 recepit,
667 916 700 969 et
724 907 864 970 eundern
889 905 1068 987 Casparem
1092 907 1133 969 de
1159 907 1274 970 solutis
1299 908 1489 990 quittarunt.

433 1100 475 1162 A.
505 1115 602 1180 1509,
627 1099 823 1162 Novembris
849 1117 906 1174 20,
932 1100 963 1162 in
988 1101 1130 1181 capitulo
1156 1101 1307 1182 generali.

331 1239 440 1308 1021.
465 1242 546 1324 (Vll,
572 1241 647 1323 77⁰).
671 1240 836 1305 Statutum
861 1242 901 1304 de
926 1243 1114 1322 caponibus.
1141 1279 1181 1288 -‹
1207 1243 1269 1304 Die
1293 1243 1449 1306 Martis..
1475 1243 1610 1306 durante
1634 1244 1777 1324 capitulo

220 1352 361 1434 generali
385 1352 438 1412 dni
464 1349 578 1430 prelati
603 1359 635 1412 et
659 1351 804 1410 canonici
829 1360 954 1411 matura
978 1349 1210 1412 deliberatione
1235 1349 1403 1430 prehabita
1428 1351 1621 1412 unanimiter
1637 1352 1779 1414 institue·

220 1469 293 1522 runt
316 1459 356 1520 de
381 1468 490 1520 cetero
515 1456 648 1519 firmiter
672 1457 864 1529 tenendum,
890 1465 925 1518 ut
948 1477 1063 1519 omnes
1079 1468 1112 1519 et
1128 1458 1244 1538 singuli
1261 1457 1455 1519 kmethones
1479 1459 1510 1518 in
1528 1458 1671 1538 ipsorum
1695 1459 1777 1520 villis

221 1565 517 1647 prestimonialibus
541 1574 677 1646 agentes
702 1565 817 1626 darent
840 1584 984 1644 capones
1008 1564 1176 1626 censuales
1201 1575 1234 1626 et
1258 1585 1322 1626 non
1348 1585 1536 1626 communes
1554 1566 1675 1646 gallos,
1700 1577 1772 1628 ortu

222 1673 283 1734 lani
308 1691 386 1734 vero
410 1671 588 1734 secundum
612 1673 779 1753 antiquam
804 1671 1073 1734 consuetudinem
1105 1671 1211 1753 gallos
1243 1692 1433 1734 communes
1458 1673 1529 1735 dnis
1553 1675 1618 1736 suis
1642 1675 1769 1755 regenti

221 1779 282 1841 bus
306 1779 439 1844 dabunt.

432 1973 474 2036 A.
505 1987 603 2053 1510,
630 1972 752 2053 Aprilis
778 1976 813 2048 8,
838 1974 869 2034 in
893 1972 1045 2052 capitulo

301 2112 440 2180 -1022,
478 2115 662 2198 (VII..79⁰).
699 2115 824 2176 Eodem
859 2115 909 2176 die
934 2115 989 2176 dni
1014 2114 1127 2194 prelati
1160 2125 1193 2176 et
1224 2116 1370 2178 canonici
1406 2115 1646 2196 deputaverunt
1670 2137 1776 2180 vener.

219 2223 302 2284 dnos
327 2222 504 2284 Iohannem
529 2223 569 2284 de
594 2220 681 2284 Gora
705 2221 964 2283 archidiaconum
990 2223 1129 2284 Poznan.
1154 2231 1186 2284 et
1210 2219 1453 2302 Sigismundum
1482 2222 1522 2283 de
1547 2221 1777 2304 Camyenyecz

219 2331 410 2391 canonicum
434 2341 603 2412 presentes
627 2339 660 2390 et
685 2329 929 2390 consentientes
952 2329 1053 2390 ituros
1079 2329 1208 2389 nomine
1233 2330 1333 2390 totius
1357 2328 1488 2407 capituli
1513 2329 1553 2390 ad
1578 2330 1775 2392 sinodum

220 2435 538 2517 provincialem
574 2438 605 2498 in
630 2435 750 2497 Lovicz
785 2455 844 2516 pro
869 2435 963 2498 Dom.
989 2435 1212 2516 Rogationum
1245 2435 1473 2497 celebrandam
1499 2437 1540 2498 ad
1564 2437 1777 2510 tractandum,

218 2544 468 2616 consulendum,
493 2543 730 2607 terminandum
748 2553 780 2604 et
797 2543 1055 2604 concludendum
1073 2552 1106 2604 et
1123 2543 1184 2604 alia
1209 2541 1407 2615 faciendum,
1432 2543 1549 2623 quibus
1574 2543 1779 2626 singulariter

218 2651 346 2732 singulo
372 2651 461 2712 iuxta
485 2660 641 2713 statutum
668 2671 726 2731 per
749 2650 797 2711 VI
821 2670 946 2712 marcas
970 2671 1030 2731 pro
1055 2651 1210 2730 expensis
1233 2649 1309 2712 dare
1334 2649 1469 2730 polliciti
1493 2660 1578 2713 sunt.

433 2870 476 2934 A.
507 2885 604 2952 1510,
629 2871 705 2932 Maii
735 2889 766 2944 1,
791 2871 823 2932 in
847 2869 998 2950 capitulo.

332 3009 440 3077 1023.
465 3013 548 3095 (VII.
574 3013 684 3094 80⁰)..
710 3013 802 3076 Dnus
826 3013 965 3074 Iacobus
988 3011 1147 3074 aurifaber
1170 3011 1338 3074 fideiussor
1362 3032 1421 3092 pro
1446 3011 1591 3092 Caspere
1615 3011 1775 3075 aurifabro

217 3139 339 3200 genero
363 3141 422 3182 suo
447 3123 592 3200 reposuit
616 3132 648 3183 et
673 3122 770 3184 solvit
795 3120 820 3183 C
845 3141 968 3182 marcas
1000 3121 1137 3201 pecunie
1163 3140 1221 3200 pro
1247 3119 1309 3181 ada
1333 3129 1403 3182 rata
1427 3139 1486 3199 pro
1511 3129 1650 3199 argento
1672 3119 1775 3181 eccle-

217 3229 348 3290 siastico
372 3229 404 3288 in
428 3229 527 3290 domo
564 3239 597 3290 et
622 3231 789 3308 presencia
824 3227 878 3289 dni
902 3227 1031 3289 Martini
1068 3227 1296 3289 Dambrowslri
1330 3237 1361 3289 et
1388 3227 1442 3288 dni
1474 3227 1599 3288 Nicolai
1638 3225 1774 3308 Oleslry,

217 3336 270 3415 qui
295 3335 433 3396 eundem
458 3335 498 3396 de
523 3335 637 3398 solutis
662 3336 884 3417 quittaverunt
908 3335 939 3396 in
964 3335 1067 3396 forma
1091 3333 1224 3396 meliori.

430 3555 473 3617 A.
502 3569 601 3636 1510,
625 3556 705 3619 Iunii
730 3571 785 3636 25,
810 3556 841 3618 in
866 3555 1019 3636 capitulo.

330 3694 913 3780 1112411111.310)..οη111111111
945 3707 978 3759 et
1002 3697 1147 3758 canonici
1183 3695 1319 3758 ecclesie
1354 3695 1494 3758 Poznan.
1531 3693 1773 3774 deputaverunt

217 3804 301 3866 dnos
325 3805 364 3866 ad
390 3807 587 3868 invitandum
604 3807 708 3868 Rmos
726 3806 807 3868 dnos
831 3805 938 3884 Epos:
965 3805 1116 3865 videlicet
1132 3802 1172 3864 ad
1189 3806 1288 3864 dnum
1304 3803 1412 3882 lipum
1428 3801 1654 3864 Varmiensem
1672 3799 1771 3861 dnum

217 3913 407 3975 Grodziczki
432 3923 464 3975 et
489 3912 615 3992 Olesiri;
640 3916 716 3976 item
740 3914 781 3974 ad
805 3913 1107 3974 wladislaviensem
1135 3949 1173 3954 —-
1200 3910 1298 3971 dnum
1315 3909 1484 3971 officialem
1502 3928 1575 3970 cum
1595 3905 1774 3988 Czicssyel-

216 4019 293 4099 slry;
317 4021 358 4082 ad
384 4021 683 4084 Wratislariensem
711 4059 748 4064 --
774 4021 873 4080 dnum
899 4021 1054 4081 decanum
1080 4029 1112 4079 et
1138 4017 1378 4097 Cziessyelslry;
1407 4027 1439 4076 et
1465 4015 1505 4076 ad
1529 4015 1650 4075 Rmum
1675 4013 1773 4074 dnum

216 4127 366 4189 Electum
390 4125 614 4190 Gneznensem
641 4167 680 4172 --
706 4128 789 4190 dnos
813 4127 986 4196 decanum,
1023 4125 1209 4195 officialem,
1247 4123 1466 4184 Dainhrovslri
1499 4133 1532 4183 et
1556 4119 1773 4199 Czicssyelslri

220 4235 321 4295 ituros
345 4235 384 4295 ad
410 4235 618 4306 invitandum,
644 4256 771 4296 necnon
787 4233 950 4295 Thomam
975 4231 1224 4294 Goczalkoirslri
1249 4233 1278 4292 in
1296 4231 1417 4292 Srzoda
1440 4229 1480 4290 ad
1497 4227 1717 4291 excusandum
1735 4227 1774 4287 de

216 4361 282 4401 non
307 4342 516 4422 excipiendO,
542 4344 591 4403 cui
615 4342 774 4404 fertonem
799 4343 874 4403 dare
899 4340 1142 4402 mandaverunt.

430 4561 474 4624 A.
505 4577 603 4642 1510,
628 4563 696 4624 Iulii
721 4565 755 4636 8,
781 4563 812 4623 in
838 4561 980 4642 capitulo
1005 4558 1159 4641 generali.

330 4701 437 4770 1025.
462 4705 544 4786 (VII.
570 4705 677 4785 82⁰)..
703 4704 768 4766 Dni
793 4703 908 4784 prelati
933 4711 965 4764 ct
989 4701 1134 4763 canonici
1159 4699 1397 4781 deputaverunt
1421 4698 1503 4758 dnos
1528 4695 1706 4758 iohannem
1733 4694 1774 4756 de

216 4811 366 4872 Lulrowo
392 4813 549 4872 decanum
575 4823 607 4874 et
633 4811 808 4872 iohannem
834 4809 952 4871 Gorslri
976 4807 1237 4870 archidiaconum
1262 4805 1400 4866 Poznan.
1426 4805 1526 4866 ituros
1551 4805 1582 4864 in
1608 4803 1772 4864 civitatem

217 4919 357 4980 Poznan.
383 4920 423 4980 ad
447 4921 530 4980 dnos
554 4920 751 4980 consiliarios
776 4918 865 4998 regni
890 4917 940 4976 hic
966 4937 1025 4994 pro
1049 4914 1338 4976 conventione
1362 4923 1582 4990 congregatos
1606 4909 1648 4971 ad
1672 4929 1774 4988 expo·

216 5026 356 5087 nendum
382 5027 509 5087 iniurias
533 5025 706 5088 artificibus
730 5027 795 5086 suis
819 5024 931 5104 oppidi
956 5021 1161 5083 Valischewo
1188 5041 1245 5100 per
1269 5020 1357 5081 cives
1381 5019 1519 5080 Poznan.
1545 5017 1660 5080 illatas

431 5247 475 5308 A.
506 5262 604 5325 1510,
628 5246 696 5306 Iulii
727 5259 779 5324 15,
805 5246 835 5305 in
860 5243 1003 5322 capitulo
1027 5241 1179 5322 generali.

334 5385 442 5453 1026.
468 5387 552 5466 (Vll.
578 5387 654 5467 82⁰).
692 5387 773 5448 Item
797 5385 851 5446 dni
876 5385 988 5464 prelati
1013 5394 1045 5444 et
1071 5381 1215 5443 canonici
1250 5379 1366 5441 auditis
1399 5379 1537 5458 querelis
1561 5376 1774 5439 lrmethonum

215 5498 255 5559 de
284 5497 477 5568 Lissovicze,
513 5492 952 5558 ’1110110Ιί1100151111111111,
990 5489 1077 5570 quod
1102 5489 1184 5550 dnus
1208 5507 1341 5568 regens,
1366 5487 1449 5547 dnus
1472 5483 1697 5564 Sigismundus
1721 5504 1773 5544 ca-

221 5606 365 5676 nonicus
390 5621 447 5663 eos
471 5603 579 5663 multis
603 5601 768 5662 laboribus
792 5608 949 5673 oneraret,
974 5598 1209 5659 mandaverunt
1233 5595 1280 5656 eis
1304 5603 1336 5656 et
1360 5593 1490 5654 cuilibet
1513 5611 1624 5652 eorum
1647 5593 1677 5652 in
1703 5610 1775 5672 qua-
