4458 6356
421 584 465 662 64
920 583 1013 632 ncrn
1032 583 1196 634 carnum
1222 583 1479 634 Poznnnrsusrs

423 675 625 683 -.-ψ-...-
648 675 788 682 -.-—.-—.
808 675 870 681 .—...
927 675 1230 682 ——--——---—.
1518 679 1570 683 .—

420 796 460 858 ad
484 795 602 858 festum
626 795 658 857 b.
684 794 792 857 lacobi
815 795 957 875 apostoli
981 815 1076 877 prox.
1101 796 1207 859 solvat
1231 817 1291 878 pro
1315 797 1451 860 ecclesia
1474 797 1653 861 cathedrali
1676 797 1814 860 Poznan.
1833 798 1973 880 lapidem

422 923 496 965 cere
518 903 580 964 sub
608 923 691 983 pena
715 902 780 964 XX
803 922 980 964 marcarum
1005 901 1148 966 facturus
1173 905 1330 985 premissa
1354 924 1396 966 ex
1419 905 1450 966 vi
1474 905 1640 968 sentencie
1664 906 1838 978 arbitrarie,
1863 925 1974 968 verum

423 1010 477 1070 dni
501 1009 543 1070 ad
566 1011 762 1091 peticionem
786 1008 841 1070 dni
864 1009 997 1090 palatini
1021 1009 1211 1073 dimiserunt
1234 1011 1338 1074 eidem
1362 1012 1568 1075 medietatem
1592 1012 1707 1093 lapidis
1731 1032 1813 1074 cere.

635 1255 679 1318 A.
709 1255 809 1334 1446,
833 1255 911 1316 Iunii
937 1271 994 1333 23,
1018 1256 1048 1316 in
1074 1255 1228 1336 capitulo

528 1393 614 1462 326.
638 1396 690 1476 (tl.
714 1396 960 1476 71⁰)..Vener.
979 1397 1033 1458 dni
1048 1410 1168 1466 custos.
1194 1397 1446 1480 Praszmowsky,
1470 1398 1628 1470 officialis,
1651 1399 1782 1472 Hector,
1807 1399 1975 1475 laroslauS,

421 1507 578 1586 Mathias,
602 1504 848 1584 Twardowsky,
884 1503 1073 1584 llliroslaus,
1097 1502 1258 1567 lohannes
1282 1517 1315 1568 et
1339 1505 1493 1568 Nicolaus
1517 1505 1557 1568 de
1580 1505 1783 1592 Nyewesch‚
1819 1507 1971 1583 Rakvicz,

421 1612 595 1692 Czaczsky,
619 1610 847 1691 Sandivogius,
873 1607 1034 1672 lohannes
1059 1610 1098 1672 de
1123 1611 1267 1691 Popowo
1291 1623 1325 1674 et
1349 1611 1497 1692 Chibsky
1521 1612 1758 1693 suspenderunt
1781 1614 1880 1675 dnum
1906 1612 1973 1676 Cle

421 1731 564 1782 mentem
599 1719 782 1781 Drzewicza
805 1738 824 1779 a
847 1717 989 1798 capitulo
1021 1727 1054 1780 et
1078 1717 1311 1780 reseccionibus
1345 1739 1446 1800 usque
1478 1719 1518 1780 ad
1550 1719 1605 1780 dni
1637 1719 1699 1800 Epi
1734 1719 1911 1782 adventum
1942 1721 1974 1781 in

421 1827 616 1888 Poznaniam
641 1827 840 1906 proximum,
877 1844 932 1896 eo,
968 1824 1056 1905 quod
1088 1825 1187 1894 dixit,
1223 1835 1319 1906 prout
1350 1837 1400 1887 est
1424 1827 1626 1905 expositum,
1660 1827 1758 1887 dnum
1784 1826 1974 1890 Michaelem
2009 1861 2013 1874 ·

423 1933 664 1995 vicecustodem
689 1952 760 1994 esse
784 1930 887 1992 furem
903 1931 1110 2011 pecuniarum
1135 1931 1212 1993 olim
1228 1931 1344 1993 nobilis
1368 1931 1497 1994 Alberti
1522 1931 1669 2014 Gorsky;
1695 1953 1806 1994 verum
1831 1933 1976 1996 111110111-

421 2041 524 2114 cialis,
549 2039 706 2114 Rakvicz,
731 2037 897 2118 Czaczslry
922 2039 1066 2118 ipsorum
1090 2039 1175 2101 votis
1199 2037 1366 2102 dixerunt:
1398 2039 1504 2100 verbis
1536 2039 1621 2101 duris
1645 2039 1795 2102 debuisse
1818 2041 1976 2122 castigan-

421 2149 497 2209 dum
522 2157 555 2208 et
578 2167 643 2208 non
669 2166 752 2227 pena
776 2145 1006 2226 suspensionis.
1040 2144 1131 2207 Dnus
1155 2165 1233 2207 vero
1258 2143 1411 2208 Clemens
1435 2146 1568 2226 negavit
1597 2145 1718 2208 dixisse
1750 2145 1868 2228 furem,
1900 2149 1975 2211 alle-

420 2275 518 2338 gans,
543 2253 710 2336 quomodo
733 2253 861 2316 locutus
884 2251 995 2315 luisset
1019 2253 1085 2315 dno
1109 2252 1257 2314 Michaeli
1282 2251 1369 2314 nullo
1393 2253 1543 2315 audiente
1567 2273 1627 2316 nec
1651 2265 1814 2334 presente.

636 2497 679 2562 A.
708 2500 799 2578 1446,
822 2499 891 2560 Iulii
919 2516 943 2572 1,
967 2500 998 2560 in
1022 2497 1170 2578 capitulo
1194 2498 1346 2579 generali.

529 2636 616 2706 327.
641 2640 690 2723 (ΙΙ.
714 2640 781 2720 72).
816 2639 880 2701 Dni
904 2639 1130 2702 concluserunt
1165 2639 1307 2701 dandum
1336 2640 1376 2701 de
1401 2640 1544 2720 pecunils
1581 2640 1711 2720 capituli
1747 2641 1813 2703 dno
1837 2640 1974 2703 Nicolao

422 2749 590 2830 preposito
613 2745 869 2810 Cruschviciensi
893 2767 952 2827 pro
977 2748 1082 2828 primo
1106 2766 1192 2808 anno
1223 2745 1287 2808 XX
1311 2765 1435 2809 marcas
1467 2758 1500 2808 et
1524 2747 1735 2828 sequentibus
1759 2769 1817 2829 per
1839 2747 1872 2810 X
1895 2767 1976 2809 mar·

421 2876 477 2918 cas
499 2855 629 2918 racione
652 2854 748 2916 studii
772 2865 805 2916 et
829 2855 1052 2928 serviciorum,
1077 2873 1140 2935 que
1163 2852 1304 2916 facturus
1328 2863 1379 2914 est
1403 2853 1545 2933 capitulo
1569 2854 1600 2915 in
1625 2853 1720 2917 Curia
1744 2855 1894 2916 Romana
1919 2874 1977 2936 per

422 2973 527 3024 totum
551 2972 689 3042 tempus,
714 2981 778 3042 quo
802 2960 902 3023 stabit
925 2961 958 3022 in
983 2961 1090 3024 studio
1114 2958 1308 3022 initalia.

637 3204 680 3267 A.
710 3206 801 3296 1446,
825 3205 894 3268 Iulii
920 3220 947 3286 5,
971 3207 1003 3268 in
1026 3205 1169 3287 capitulo
1194 3205 1345 3288 generali.

531 3361 618 3430 328.
643 3365 688 3447 (ll.
710 3365 775 3445 73).
800 3363 963 3429 Statutum
987 3365 1028 3429 de
1051 3367 1267 3430 studentibus.
1286 3403 1329 3412 -—
1345 3366 1467 3428 Ibidem
1492 3366 1691 3429 venerabiles
1715 3365 1769 3428 dni
1788 3368 1974 3447 prepositus

423 3485 456 3537 et
480 3471 655 3554 capitulum
690 3471 825 3535 ecclesie
860 3471 998 3535 Poznan.
1033 3475 1252 3549 attendentes,
1287 3475 1453 3555 quomodo
1485 3473 1575 3535 multi
1599 3474 1743 3553 ipsorum
1767 3473 1916 3536 volentes
1939 3493 1975 3535 se

422 3579 594 3643 transferre
628 3577 669 3640 ad
705 3579 846 3642 studia
880 3581 1100 3662 generalia
1137 3581 1246 3663 sepius
1270 3591 1303 3644 et
1327 3601 1399 3642 cum
1424 3580 1552 3644 fastidio
1577 3581 1608 3642 in
1632 3582 1774 3662 presenti
1798 3591 1831 3643 et
1855 3580 1974 3642 dudum

423 3689 454 3750 in
478 3686 636 3768 prioribus
660 3687 809 3766 capitulis
832 3687 1036 3768 generalibus
1052 3688 1298 3762 concurrebant,
1323 3699 1474 3770 petentes
1491 3687 1551 3750 sibi
1568 3709 1663 3750 causa
1681 3687 1862 3750 huiusmodi
1879 3687 1974 3750 studii

422 3815 441 3856 a
465 3793 607 3875 capitulo
631 3792 808 3867 subveniri,
832 3795 1001 3874 cupientes
1025 3795 1121 3877 igitur
1144 3794 1326 3858 huiusmodi
1349 3795 1536 3858 effrenatam
1560 3795 1796 3857 multitudinem
1813 3792 1974 3856 refrenare

424 3913 457 3964 et
479 3900 606 3964 fastidia
629 3919 781 3963 amovere
803 3911 836 3964 et
859 3902 1005 3975 evadere,
1022 3912 1204 3966 statuerunt
1220 3913 1253 3964 et
1271 3903 1474 3966 concorditer
1490 3901 1726 3974 concluserunt,
1750 3901 1838 3981 quod
1855 3901 1975 3962 amodo

423 4019 456 4072 et
479 4008 632 4088 deinceps
656 4007 696 4070 de
721 4006 905 4070 huiusmodi
930 4009 1195 4072 concurrentibus
1226 4010 1291 4071 duo
1315 4019 1442 4072 tantum
1466 4009 1617 4071 abiliores
1640 4019 1673 4072 et
1697 4010 1801 4088 magis
1825 4007 1974 4088 dispositi

423 4126 456 4178 et
481 4135 545 4176 non
569 4115 678 4195 plures
701 4114 743 4176 ad
770 4115 911 4177 studium
947 4116 1132 4197 dirigantur,
1168 4116 1284 4198 quibus
1320 4125 1353 4178 et
1376 4117 1506 4179 cuilibet
1540 4117 1684 4196 ipsorum
1720 4115 1833 4177 decem
1868 4115 1975 4176 marce

424 4221 557 4304 singulis
580 4221 689 4297 annis,
714 4221 830 4302 quibus
853 4223 884 4283 in
909 4222 1015 4285 studio
1039 4224 1188 4287 steterint
1219 4234 1252 4287 et
1276 4223 1380 4286 donec
1412 4243 1469 4286 eos
1500 4233 1556 4286 aut
1579 4224 1715 4284 alterum
1740 4241 1850 4284 eorum
1875 4223 1976 4284 duxe-

424 4330 486 4392 rint
510 4329 736 4398 revocandum,
761 4349 819 4408 per
843 4330 1018 4410 capitulum
1043 4351 1139 4412 super
1161 4331 1278 4393 festum
1309 4333 1339 4393 b.
1365 4331 1494 4392 Martini
1527 4330 1648 4392 debent
1672 4329 1755 4403 dari,
1791 4329 1835 4390 ita
1858 4340 1975 4403 tamen,

425 4435 512 4517 quod
537 4438 721 4516 priusquam
746 4435 927 4498 huiusmodi
953 4438 1105 4518 pecunias
1130 4437 1247 4500 tollent
1271 4458 1327 4500 seu
1352 4437 1433 4500 alter
1449 4457 1560 4499 eorum
1586 4437 1694 4510 tollet,
1721 4436 1860 4498 litteram
1883 4437 1977 4517 signi·

425 4541 600 4605 ficatoriam
624 4545 692 4604 sive
716 4541 877 4605 sufficiens
901 4545 1121 4606 testimonium
1145 4565 1163 4607 a
1186 4555 1312 4607 rectore
1328 4544 1411 4606 illius
1429 4543 1665 4617 UniversitatiS,
1682 4545 1713 4604 in
1729 4563 1795 4624 qua
1811 4543 1976 4618 studuerit,

424 4649 585 4713 tenebitur
607 4650 748 4730 capitulo
772 4659 968 4730 presentare,
992 4652 1136 4733 presenti
1161 4661 1285 4714 statuto
1307 4653 1340 4713 in
1365 4661 1558 4732 perpetuum
1582 4651 1744 4713 duraturo.

639 4896 681 4960 A.
710 4898 801 4976 1446,
825 4894 1028 4978 Septembris
1052 4897 1084 4972 6,
1109 4897 1141 4958 in
1165 4896 1317 4979 capitulo

533 5052 618 5122 329.
646 5055 695 5138 (ll.
720 5062 785 5138 75).
811 5055 872 5118 Die
895 5055 1051 5118 Martis..
1086 5056 1118 5117 in
1152 5057 1320 5138 capitulari
1354 5067 1432 5136 tunc
1466 5056 1556 5137 quasi
1591 5055 1622 5116 in
1658 5055 1801 5136 capitulo
1835 5056 1977 5138 generali

424 5186 531 5229 vener.
556 5165 611 5227 dni
635 5165 836 5245 prepositus,
861 5163 1116 5239 archidiaconus,
1140 5175 1265 5236 custos,
1289 5163 1544 5243 Praszmowsky,
1576 5161 1709 5238 Hector,
1732 5163 1884 5238 officialis,
1908 5161 1977 5226 Cle·

425 5292 525 5342 mens,
549 5271 719 5356 Iaroslaus‚
745 5271 925 5344 Miroslaus,
949 5269 1088 5332 Mathias
1112 5269 1286 5351 Czaczsky,
1310 5269 1477 5351 Scothslry
1499 5281 1532 5332 et
1555 5268 1713 5350 Chibsky,
1730 5281 1868 5342 attento,
1885 5271 1973 5351 quod

424 5377 506 5440 dnus
530 5377 744 5459 Sandivogius
767 5380 942 5440 canonicus
965 5377 1168 5458 diligenciam
1196 5377 1358 5449 adhibuit,
1383 5377 1586 5458 disponendo
1610 5397 1646 5438 se
1669 5377 1710 5438 ad
1733 5378 1977 5440 convencio-

426 5505 514 5550 nem
538 5487 570 5547 in
594 5484 820 5549 Parczewo
844 5486 876 5547 in
900 5484 987 5548 facto
1010 5483 1158 5568 capituli,
1182 5485 1395 5548 decreverunt
1418 5485 1479 5546 sibi
1503 5482 1644 5546 dandum
1668 5494 1733 5547 tres
1758 5482 1909 5548 fertones.
