4458 6356
925 592 1014 643 ANNI
1033 590 1110 646 1437.
1761 609 1803 674 47

247 682 329 690 --—-..-
1075 686 1179 694 ———

358 800 446 868 217.
472 803 572 884 (lbid.)
596 804 676 866 Item
695 805 915 876 decreverunt,
942 805 1030 886 quod
1046 826 1155 868 vener.
1173 807 1254 868 dnus
1271 805 1433 868 lohannes
1448 806 1687 887 Twardowsky
1704 807 1807 869 archi-

249 911 405 973 diaconus
427 910 625 974 Srzemensis
649 911 759 974 debita
784 915 837 974 dni
854 913 927 994 Epi,
945 933 1005 994 pro
1029 915 1162 975 cervisia
1186 923 1219 975 et
1242 913 1441 976 stacionibus
1461 925 1637 987 contracta,
1671 915 1712 976 de
1735 935 1808 976 cen-

249 1017 338 1080 sibus
362 1017 450 1098 opidi
473 1018 545 1080 Bul<
570 1018 698 1081 solvere
722 1019 849 1082 debeat.

361 1157 448 1226 218.
472 1161 507 1240 (I.
537 1163 617 1242 195).
650 1161 732 1225 Item
762 1159 854 1224 Slecz
885 1163 1012 1244 pellifici
1045 1163 1085 1226 de
1107 1164 1267 1227 Poznania
1298 1164 1373 1226 Xlll
1404 1184 1530 1226 marcas
1564 1166 1667 1226 minus
1691 1163 1734 1224 III
1759 1183 1806 1244 gr.

251 1288 311 1348 pro
335 1267 447 1332 debito
471 1267 526 1329 dni
550 1269 612 1349 Epi
638 1270 669 1330 iu
705 1269 957 1333 eleccione
992 1270 1088 1334 futuri
1119 1271 1280 1352 pontificiS
1316 1272 1528 1334 decreverunt
1552 1271 1742 1334 solvendum
1766 1270 1807 1331 de

249 1394 359 1436 mensa
383 1375 562 1455 episcopali
587 1386 620 1439 et
645 1375 808 1440 derelictis
832 1377 887 1439 dni
910 1377 983 1459 Epi.
1029 1377 1111 1442 Item
1135 1376 1269 1440 Iohanni
1292 1378 1405 1440 RImar
1427 1377 1475 1440 IX
1498 1398 1623 1441 marcas
1651 1396 1723 1439 cum
1747 1377 1805 1438 fer-

248 1491 326 1542 tone
350 1481 505 1546 similiter.

355 1620 442 1688 219..
466 1624 569 1708 (lbid.)
593 1627 673 1688 Item
699 1625 803 1690 Petirz
835 1625 1018 1708 Anthoney
1049 1627 1144 1690 LXX
1167 1648 1300 1699 marcas,
1334 1630 1360 1690 si
1383 1630 1520 1710 pecunie
1543 1627 1750 1690 habebuntur
1773 1625 1805 1688 in

249 1729 502 1793 eleccione
538 1733 707 1812 pontificis,
743 1735 954 1797 decreverunt
984 1735 1175 1796 solvendum
1212 1735 1242 1796 in
1283 1735 1536 1798 eleccione
1571 1734 1732 1818 pontificis
1767 1734 1807 1796 de

251 1857 362 1900 mensa
387 1839 500 1900 eadem
526 1849 559 1902 et
583 1840 743 1904 derelictis
767 1841 821 1902 dni
845 1841 917 1922 Epi.

349 1976 443 2044 220.
469 1981 571 2063 (lbid.)
595 1981 677 2045 Item
707 1981 889 2046 conthorali
922 1983 1010 2045 Luce
1035 1984 1076 2045 de
1100 1982 1259 2045 Poznania
1291 1983 1492 2046 solucionem
1522 2005 1582 2064 pro
1613 1984 1725 2046 debito
1754 1983 1807 2045 dni

248 2085 319 2167 Epi,
344 2087 420 2149 dum
445 2099 477 2150 et
501 2089 631 2169 quando
656 2093 792 2172 pecunie
816 2089 1033 2166 habebuntur,
1058 2091 1271 2152 decreverunt
1295 2090 1477 2153 debendam
1502 2090 1542 2153 de
1566 2111 1677 2153 mensa
1695 2092 1807 2153 eadem

249 2203 282 2256 et
305 2193 466 2258 derelictis
489 2195 564 2276 Epi.

355 2333 443 2402 221.
468 2337 570 2418 (lbid.)
594 2339 676 2402 Item
700 2339 928 2420 Casperwerth
946 2341 986 2402 de
1003 2339 1166 2402 Poznania
1186 2359 1327 2402 marcam
1345 2341 1450 2402 minus
1465 2339 1574 2402 IIII-or
1590 2361 1648 2422 gr,
1672 2340 1803 2422 quando

248 2445 384 2522 pecunie
415 2445 636 2517 habebuntur,
661 2447 812 2508 dlxerunt
844 2447 1037 2509 solvendum
1062 2446 1102 2507 de
1127 2466 1238 2508 mensa
1265 2445 1390 2527 prefata
1413 2456 1447 2508 et
1471 2447 1630 2510 derelictis
1663 2447 1802 2528 prefatis.

356 2583 442 2651 222.
468 2587 567 2668 (lbid.)
596 2587 676 2651 Item
693 2588 902 2670 Sigismundo
919 2589 959 2651 de
977 2589 1137 2650 Poznania
1153 2607 1294 2648 marcam
1312 2588 1416 2650 minus
1433 2599 1509 2651 octo
1527 2589 1658 2670 grossis,
1675 2589 1805 2668 quando

195 2689 198 2694 “
250 2695 384 2774 pecunie
408 2693 621 2767 habebuntur,
645 2697 748 2758 eciam
773 2717 885 2758 mensa
909 2696 950 2758 de
974 2696 1097 2759 eadem.

358 2832 444 2901 223.
470 2837 570 2919 (lbid.)
605 2838 686 2900 Item
719 2838 993 2920 Faternyklewey
1029 2849 1156 2920 septem
1192 2837 1335 2901 fertones
1359 2839 1399 2900 de
1423 2857 1535 2899 mensa
1566 2837 1744 2918 episcopali
1773 2847 1806 2900 et

251 2942 410 3006 derelictis
434 2945 601 3027 Episcopi.

341 3044 444 3150 Ι224.
469 3087 573 3168 (lbid.)
597 3087 678 3151 Item
702 3089 911 3152 balistatoril
935 3107 1089 3162 marcam,
1114 3088 1244 3169 quando
1268 3088 1404 3168 pecunie
1427 3086 1640 3168 habebuntur,
1665 3107 1724 3167 pro
1742 3107 1804 3148 cer-

252 3193 330 3253 visia
354 3191 516 3255 duxerunt
539 3195 732 3257 solvendum
757 3196 903 3259 slmiliter
926 3195 967 3257 de
990 3195 1150 3257 derelictis
1177 3205 1210 3258 et
1234 3215 1346 3257 mensa
1369 3194 1557 3276 episcopali.

360 3332 447 3401 225.
474 3336 576 3417 (lbid.)
600 3337 681 3400 Item
706 3339 806 3400 nobili
830 3337 964 3400 lohanni
989 3336 1109 3401 Gorslri
1132 3337 1238 3400 IIII-or
1262 3357 1387 3400 marcas
1411 3338 1572 3400 duxerunt
1596 3338 1728 3399 dandas.

319 3445 335 3479 η’
358 3475 446 3543 226.
473 3479 508 3560 (Ι.
531 3479 628 3562 195⁰).
654 3480 735 3542 Item
752 3481 924 3562 oppidanis
942 3482 982 3542 de
998 3479 1143 3543 Srzodka
1159 3481 1354 3542 tenebantur
1370 3499 1430 3560 pro
1446 3478 1596 3541 carnibus
1612 3499 1671 3568 sex
1687 3499 1803 3549 marce,

252 3585 310 3647 sed
334 3585 396 3647 iam
420 3607 496 3666 pars
520 3607 629 3648 earum
654 3588 716 3648 iam
740 3598 790 3650 est
814 3587 987 3668 persoluta,
1013 3598 1046 3650 et
1071 3586 1232 3650 residuum
1256 3587 1401 3650 solvatur
1424 3587 1464 3648 de
1480 3605 1593 3648 mensa
1617 3585 1805 3666 episcopali.

359 3741 447 3810 227.
472 3745 575 3828 (lbid.)
599 3748 682 3811 Item
706 3749 927 3822 decreverunt,
952 3747 1040 3829 quod
1063 3748 1146 3810 dnus
1178 3747 1435 3810 Administrator
1457 3745 1548 3808 dabit
1570 3765 1721 3807 acervum
1745 3744 1806 3806 sili-

253 3852 335 3933 ginis
358 3853 537 3916 Katherine
568 3853 657 3917 Albe
680 3856 711 3917 in
736 3854 959 3937 Cosyeglowy
994 3855 1067 3918 loco
1091 3855 1240 3937 glowna,
1265 3853 1339 3916 loco
1370 3854 1461 3916 cuius
1489 3872 1587 3916 unum
1610 3852 1707 3914 alium
1731 3851 1805 3913 alibi

253 3960 313 4023 sibi
335 3962 477 4042 recipiet.
1392 3969 1393 3974 ’

360 4101 447 4170 228.
484 4105 587 4186 (lbid.)
622 4107 704 4168 Item
740 4105 862 4168 Mathie
897 4107 1052 4168 muratori
1083 4106 1124 4167 de
1155 4103 1315 4167 Poznania
1350 4103 1397 4166 IV
1429 4123 1554 4165 marcas
1584 4121 1644 4184 pro
1669 4101 1805 4164 stamine

252 4211 414 4292 barclrcmy
449 4223 481 4276 et
504 4213 573 4275 aliis
604 4213 701 4275 rebus
732 4233 792 4294 pro
821 4214 886 4274 dno
914 4212 988 4295 Epo
1018 4213 1157 4293 receptis
1193 4212 1404 4273 decreverunt
1435 4209 1642 4284 solvendum,
1677 4207 1806 4288 quando

252 4319 389 4398 pecunie
412 4318 626 4401 habebuntur,
651 4321 691 4382 de
715 4340 826 4383 mensa
850 4319 1027 4401 episcopali
1051 4330 1084 4383 et
1100 4318 1271 4381 derelictis.

360 4457 446 4526 229.
472 4461 578 4544 (lbid.)
603 4461 776 4525 Conclusio
800 4462 941 4543 capituli.
987 4463 1068 4525 Item
1093 4461 1212 4524 ibidem
1236 4461 1408 4522 memorati
1431 4459 1486 4521 dni
1511 4458 1626 4538 prelati
1649 4467 1682 4520 et
1710 4475 1805 4518 cano-

253 4569 315 4630 nici
338 4589 410 4631 cum
434 4569 500 4632 dno
534 4568 809 4632 AdminIstratore
844 4569 1020 4650 capitulum
1044 4568 1285 4638 concluserunt,
1322 4587 1430 4628 vener.
1465 4566 1530 4627 dno
1559 4562 1682 4628 Mathia
1714 4564 1805 4642 Drya

254 4675 379 4738 decano
410 4675 554 4750 absente,
578 4677 632 4757 qui
656 4677 727 4738 dnis
752 4676 792 4738 de
815 4675 958 4756 capitulo
991 4675 1234 4748 recedentibus,
1265 4693 1317 4734 me
1337 4672 1485 4753 Johanne
1516 4673 1643 4735 notario
1674 4681 1804 4751 vocato,

253 4783 428 4864 capitulum
453 4783 606 4865 generale
630 4804 689 4865 pro
714 4783 976 4846 conclusionibus
1000 4782 1135 4845 aliorum
1159 4781 1369 4862 negociorum
1394 4779 1604 4842 continuavit.

358 4922 446 4990 230.
471 4924 576 5006 (lbid.)
600 4925 681 4989 Item
701 4945 809 4988 vener.
835 4925 917 5006 dnus
940 4923 1158 5005 Przedvogius
1182 4922 1222 4984 de
1245 4920 1368 4984 Grandi
1391 4921 1580 5002 propositus
1604 4918 1804 4983 Gneznensis

252 5041 453 5114 protestatus
477 5043 527 5096 est
551 5032 591 5095 de
615 5032 763 5095 nullitate
798 5032 1043 5094 conclusionum
1068 5031 1119 5093 die
1142 5029 1298 5092 hodierna
1328 5027 1498 5100 laetarum,
1523 5047 1566 5088 ex
1589 5047 1638 5101 eo,
1662 5028 1736 5107 quia
1758 5045 1807 5087 ca·
1836 5055 1837 5058 ¹

253 5139 390 5221 pitulum
414 5160 480 5202 non
504 5139 562 5203 fuit
585 5141 818 5204 continuatum.

361 5278 447 5346 231.
471 5283 574 5363 (lbid.)
608 5282 690 5346 Item
725 5281 839 5344 honor.
871 5281 925 5343 dni
944 5280 1108 5361 Jaroslaus
1132 5279 1172 5342 de
1196 5277 1392 5342 Cancolewo
1416 5287 1450 5340 et
1471 5274 1633 5357 Johannes
1663 5274 1806 5336 Furman

252 5388 368 5452 honor.
393 5389 458 5452 dno
482 5389 620 5452 Nicolao
643 5388 829 5452 Lanthman
854 5387 909 5452 CC
932 5387 1000 5450 flor.
1023 5407 1084 5468 pro
1108 5387 1196 5448 Rmo
1220 5396 1313 5468 patre
1337 5385 1403 5446 dno
1426 5384 1605 5446 Vincencio
1637 5381 1805 5463 Archiepo

254 5494 376 5560 Gnezn.
401 5496 632 5572 fideiusserunt,
665 5517 747 5579 quos
776 5497 941 5560 soluturos
964 5494 1005 5557 ad
1030 5493 1234 5557 Dominicam
1265 5492 1486 5556 Reminiscere
1510 5512 1545 5554 se
1569 5490 1804 5573 obligaverunt.
