<?xml version="1.0" encoding="UTF-8"?>
<!DOCTYPE html PUBLIC "-//W3C//DTD XHTML 1.0 Transitional//EN"
    "http://www.w3.org/TR/xhtml1/DTD/xhtml1-transitional.dtd">
<html xmlns="http://www.w3.org/1999/xhtml" xml:lang="en" lang="en">
 <head>
  <title>
</title>
<meta http-equiv="Content-Type" content="text/html;charset=utf-8" />
  <meta name='ocr-system' content='tesseract 3.04.00' />
  <meta name='ocr-capabilities' content='ocr_page ocr_carea ocr_par ocr_line ocrx_word'/>
</head>
<body>
  <div class='ocr_page' id='page_1' title='image "actacapitulorum00czubgoog_0128.png"; bbox 0 0 4416 6366; ppageno 0'>
   <div class='ocr_carea' id='block_1_1' title="bbox 968 610 1515 663">
    <p class='ocr_par' dir='ltr' id='par_1_1' title="bbox 968 610 1515 663">
     <span class='ocr_line' id='line_1_1' title="bbox 968 610 1515 663; baseline 0.004 -3"><span class='ocrx_word' id='word_1_1' title='bbox 968 610 1060 662; x_wconf 84' lang='lat' dir='ltr'><strong>ACTA</strong></span> <span class='ocrx_word' id='word_1_2' title='bbox 1080 611 1241 663; x_wconf 87' lang='lat' dir='ltr'>CAPITULI</span> <span class='ocrx_word' id='word_1_3' title='bbox 1261 611 1515 662; x_wconf 80' lang='lat' dir='ltr'>POZNANIENSIS</span> 
     </span>
    </p>
   </div>
   <div class='ocr_carea' id='block_1_2' title="bbox 446 703 1415 712">
    <p class='ocr_par' dir='ltr' id='par_1_2' title="bbox 446 703 1415 712">
     <span class='ocr_line' id='line_1_2' title="bbox 446 703 1415 712; baseline 0 -2"><span class='ocrx_word' id='word_1_4' title='bbox 446 703 955 710; x_wconf 69' lang='lat'><em>---.-—---·----.-—-——--—-——</em></span> <span class='ocrx_word' id='word_1_5' title='bbox 974 707 979 709; x_wconf 94' lang='lat'>.</span> <span class='ocrx_word' id='word_1_6' title='bbox 1076 706 1160 712; x_wconf 74' lang='lat'>—-</span> <span class='ocrx_word' id='word_1_7' title='bbox 1219 707 1250 710; x_wconf 87' lang='lat'><strong>—</strong></span> <span class='ocrx_word' id='word_1_8' title='bbox 1305 706 1415 711; x_wconf 79' lang='lat'>.—-.-</span> 
     </span>
    </p>
   </div>
   <div class='ocr_carea' id='block_1_3' title="bbox 661 841 1336 924">
    <p class='ocr_par' dir='ltr' id='par_1_3' title="bbox 661 841 1336 924">
     <span class='ocr_line' id='line_1_3' title="bbox 661 841 1336 924; baseline 0.003 -20"><span class='ocrx_word' id='word_1_9' title='bbox 661 841 704 905; x_wconf 87' lang='lat' dir='ltr'>A.</span> <span class='ocrx_word' id='word_1_10' title='bbox 734 843 832 922; x_wconf 86' lang='lat'>1464,</span> <span class='ocrx_word' id='word_1_11' title='bbox 857 842 1022 905; x_wconf 82' lang='lat' dir='ltr'>Februarii</span> <span class='ocrx_word' id='word_1_12' title='bbox 1048 859 1104 919; x_wconf 90' lang='lat'>21,</span> <span class='ocrx_word' id='word_1_13' title='bbox 1129 845 1160 905; x_wconf 96' lang='lat' dir='ltr'>in</span> <span class='ocrx_word' id='word_1_14' title='bbox 1184 843 1336 924; x_wconf 87' lang='lat' dir='ltr'>capitulo.</span> 
     </span>
    </p>
   </div>
   <div class='ocr_carea' id='block_1_4' title="bbox 447 982 1999 1282">
    <p class='ocr_par' dir='ltr' id='par_1_4' title="bbox 447 982 1999 1282">
     <span class='ocr_line' id='line_1_4' title="bbox 556 982 1998 1070; baseline -0.002 -20"><span class='ocrx_word' id='word_1_15' title='bbox 556 982 644 1050; x_wconf 90' lang='grc'><strong>571.</strong></span> <span class='ocrx_word' id='word_1_16' title='bbox 677 983 740 1066; x_wconf 87' lang='grc' dir='ltr'><strong>(ΙΙΙ.</strong></span> <span class='ocrx_word' id='word_1_17' title='bbox 766 986 827 1064; x_wconf 80' lang='lat'>32).</span> <span class='ocrx_word' id='word_1_18' title='bbox 860 985 983 1048; x_wconf 89' lang='lat' dir='ltr'>Ibidem</span> <span class='ocrx_word' id='word_1_19' title='bbox 1007 985 1075 1069; x_wconf 83' lang='lat' dir='ltr'>[dni</span> <span class='ocrx_word' id='word_1_20' title='bbox 1099 987 1214 1068; x_wconf 92' lang='lat' dir='ltr'>prelati</span> <span class='ocrx_word' id='word_1_21' title='bbox 1238 997 1270 1050; x_wconf 90' lang='lat' dir='ltr'>et</span> <span class='ocrx_word' id='word_1_22' title='bbox 1294 987 1451 1070; x_wconf 85' lang='lat' dir='ltr'>canonici]</span> <span class='ocrx_word' id='word_1_23' title='bbox 1475 986 1611 1048; x_wconf 90' lang='lat' dir='ltr'>heredes</span> <span class='ocrx_word' id='word_1_24' title='bbox 1635 987 1665 1048; x_wconf 90' lang='lat' dir='ltr'>in</span> <span class='ocrx_word' id='word_1_25' title='bbox 1691 985 1873 1067; x_wconf 87' lang='lat' dir='ltr'>Ryczywol</span> <span class='ocrx_word' id='word_1_26' title='bbox 1896 985 1998 1050; x_wconf 90' lang='lat' dir='ltr'>absol-</span> 
     </span>
     <span class='ocr_line' id='line_1_5' title="bbox 447 1093 1999 1176; baseline 0.001 -22"><span class='ocrx_word' id='word_1_27' title='bbox 447 1105 563 1155; x_wconf 91' lang='lat' dir='ltr'>verunt</span> <span class='ocrx_word' id='word_1_28' title='bbox 591 1113 732 1155; x_wconf 90' lang='lat' dir='ltr'>acensu</span> <span class='ocrx_word' id='word_1_29' title='bbox 767 1113 875 1154; x_wconf 92' lang='lat' dir='ltr'>annuo</span> <span class='ocrx_word' id='word_1_30' title='bbox 910 1093 972 1155; x_wconf 92' lang='lat' dir='ltr'>Vll</span> <span class='ocrx_word' id='word_1_31' title='bbox 1003 1115 1179 1156; x_wconf 90' lang='lat' dir='ltr'>marcarum</span> <span class='ocrx_word' id='word_1_32' title='bbox 1216 1107 1351 1176; x_wconf 89' lang='lat' dir='ltr'>propter</span> <span class='ocrx_word' id='word_1_33' title='bbox 1385 1093 1638 1157; x_wconf 81' lang='lat' dir='ltr'>destructionem</span> <span class='ocrx_word' id='word_1_34' title='bbox 1675 1093 1909 1156; x_wconf 84' lang='lat' dir='ltr'>frumentorum</span> <span class='ocrx_word' id='word_1_35' title='bbox 1940 1114 1999 1175; x_wconf 91' lang='lat' dir='ltr'>per</span> 
     </span>
     <span class='ocr_line' id='line_1_6' title="bbox 447 1199 1396 1282; baseline 0.002 -21"><span class='ocrx_word' id='word_1_36' title='bbox 447 1199 650 1280; x_wconf 86' lang='lat' dir='ltr'>grandin</span> <span class='ocrx_word' id='word_1_37' title='bbox 664 1221 682 1262; x_wconf 91' lang='lat' dir='ltr'>e</span> <span class='ocrx_word' id='word_1_38' title='bbox 695 1220 741 1274; x_wconf 89' lang='lat' dir='ltr'>m,</span> <span class='ocrx_word' id='word_1_39' title='bbox 766 1201 926 1264; x_wconf 83' lang='lat' dir='ltr'>duntaxat</span> <span class='ocrx_word' id='word_1_40' title='bbox 949 1222 1009 1282; x_wconf 92' lang='lat' dir='ltr'>pro</span> <span class='ocrx_word' id='word_1_41' title='bbox 1033 1221 1098 1263; x_wconf 91' lang='lat' dir='ltr'>uno</span> <span class='ocrx_word' id='word_1_42' title='bbox 1122 1221 1208 1263; x_wconf 92' lang='lat' dir='ltr'>anno</span> <span class='ocrx_word' id='word_1_43' title='bbox 1233 1203 1396 1282; x_wconf 76' lang='lat' dir='ltr'>preterito,</span> 
     </span>
    </p>
   </div>
   <div class='ocr_carea' id='block_1_5' title="bbox 662 1429 1341 1512">
    <p class='ocr_par' dir='ltr' id='par_1_5' title="bbox 662 1429 1341 1512">
     <span class='ocr_line' id='line_1_7' title="bbox 662 1429 1341 1512; baseline 0.001 -20"><span class='ocrx_word' id='word_1_44' title='bbox 662 1429 707 1492; x_wconf 90' lang='lat' dir='ltr'>A.</span> <span class='ocrx_word' id='word_1_45' title='bbox 737 1432 834 1510; x_wconf 86' lang='lat'>1464,</span> <span class='ocrx_word' id='word_1_46' title='bbox 859 1430 1024 1493; x_wconf 87' lang='lat' dir='ltr'>Februarii</span> <span class='ocrx_word' id='word_1_47' title='bbox 1049 1447 1106 1504; x_wconf 89' lang='grc'>22,</span> <span class='ocrx_word' id='word_1_48' title='bbox 1131 1433 1162 1494; x_wconf 95' lang='lat' dir='ltr'>in</span> <span class='ocrx_word' id='word_1_49' title='bbox 1187 1431 1341 1512; x_wconf 81' lang='lat' dir='ltr'>capitulo</span> 
     </span>
    </p>
   </div>
   <div class='ocr_carea' id='block_1_6' title="bbox 446 1568 2000 1978">
    <p class='ocr_par' dir='ltr' id='par_1_6' title="bbox 446 1568 2000 1978">
     <span class='ocr_line' id='line_1_8' title="bbox 556 1568 2000 1656; baseline -0.002 -19"><span class='ocrx_word' id='word_1_50' title='bbox 556 1568 641 1637; x_wconf 80' lang='lat'>572.</span> <span class='ocrx_word' id='word_1_51' title='bbox 678 1572 739 1652; x_wconf 79' lang='lat' dir='ltr'>(III.</span> <span class='ocrx_word' id='word_1_52' title='bbox 767 1574 827 1652; x_wconf 79' lang='lat'>32),</span> <span class='ocrx_word' id='word_1_53' title='bbox 862 1573 985 1636; x_wconf 90' lang='lat' dir='ltr'>Ibidem</span> <span class='ocrx_word' id='word_1_54' title='bbox 1017 1574 1100 1636; x_wconf 89' lang='lat' dir='ltr'>dnus</span> <span class='ocrx_word' id='word_1_55' title='bbox 1128 1573 1344 1656; x_wconf 84' lang='lat' dir='ltr'>Sandivogius</span> <span class='ocrx_word' id='word_1_56' title='bbox 1376 1592 1536 1636; x_wconf 88' lang='lat' dir='ltr'>consensu</span> <span class='ocrx_word' id='word_1_57' title='bbox 1568 1573 1705 1635; x_wconf 91' lang='lat' dir='ltr'>dnorum</span> <span class='ocrx_word' id='word_1_58' title='bbox 1730 1571 1872 1635; x_wconf 88' lang='lat' dir='ltr'>unanimi</span> <span class='ocrx_word' id='word_1_59' title='bbox 1895 1571 1936 1635; x_wconf 92' lang='lat' dir='ltr'>ad</span> <span class='ocrx_word' id='word_1_60' title='bbox 1959 1593 2000 1634; x_wconf 92' lang='lat' dir='ltr'>ea</span> 
     </span>
     <span class='ocr_line' id='line_1_9' title="bbox 448 1679 2000 1762; baseline 0.001 -22"><span class='ocrx_word' id='word_1_61' title='bbox 448 1680 625 1743; x_wconf 84' lang='lat' dir='ltr'>accedente</span> <span class='ocrx_word' id='word_1_62' title='bbox 649 1681 853 1762; x_wconf 88' lang='lat' dir='ltr'>comparabit</span> <span class='ocrx_word' id='word_1_63' title='bbox 877 1700 974 1743; x_wconf 93' lang='lat' dir='ltr'>unum</span> <span class='ocrx_word' id='word_1_64' title='bbox 1003 1681 1142 1762; x_wconf 86' lang='lat' dir='ltr'>lapidem</span> <span class='ocrx_word' id='word_1_65' title='bbox 1174 1683 1293 1762; x_wconf 88' lang='lat' dir='ltr'>piperis</span> <span class='ocrx_word' id='word_1_66' title='bbox 1325 1692 1357 1744; x_wconf 90' lang='lat' dir='ltr'>et</span> <span class='ocrx_word' id='word_1_67' title='bbox 1389 1700 1488 1742; x_wconf 94' lang='lat' dir='ltr'>unum</span> <span class='ocrx_word' id='word_1_68' title='bbox 1519 1679 1676 1743; x_wconf 87' lang='lat' dir='ltr'>talentum</span> <span class='ocrx_word' id='word_1_69' title='bbox 1704 1681 1789 1742; x_wconf 91' lang='lat' dir='ltr'>croci</span> <span class='ocrx_word' id='word_1_70' title='bbox 1822 1700 1882 1761; x_wconf 91' lang='lat' dir='ltr'>pro</span> <span class='ocrx_word' id='word_1_71' title='bbox 1912 1681 2000 1742; x_wconf 90' lang='lat' dir='ltr'>Rmo</span> 
     </span>
     <span class='ocr_line' id='line_1_10' title="bbox 446 1785 2000 1869; baseline -0.001 -21"><span class='ocrx_word' id='word_1_72' title='bbox 446 1797 539 1867; x_wconf 88' lang='lat' dir='ltr'>patre</span> <span class='ocrx_word' id='word_1_73' title='bbox 571 1787 636 1849; x_wconf 92' lang='lat' dir='ltr'>dno</span> <span class='ocrx_word' id='word_1_74' title='bbox 660 1787 804 1850; x_wconf 87' lang='lat' dir='ltr'>Iohanne</span> <span class='ocrx_word' id='word_1_75' title='bbox 834 1789 908 1869; x_wconf 90' lang='lat' dir='ltr'>Epo</span> <span class='ocrx_word' id='word_1_76' title='bbox 940 1789 1198 1852; x_wconf 86' lang='lat' dir='ltr'>Wladislaviensi</span> <span class='ocrx_word' id='word_1_77' title='bbox 1229 1800 1305 1852; x_wconf 92' lang='lat' dir='ltr'>tunc</span> <span class='ocrx_word' id='word_1_78' title='bbox 1336 1788 1497 1850; x_wconf 91' lang='lat' dir='ltr'>Poznanie</span> <span class='ocrx_word' id='word_1_79' title='bbox 1529 1797 1680 1868; x_wconf 89' lang='lat' dir='ltr'>presente</span> <span class='ocrx_word' id='word_1_80' title='bbox 1708 1786 1926 1849; x_wconf 90' lang='lat' dir='ltr'>condonando</span> <span class='ocrx_word' id='word_1_81' title='bbox 1957 1785 2000 1847; x_wconf 91' lang='lat' dir='ltr'>ad</span> 
     </span>
     <span class='ocr_line' id='line_1_11' title="bbox 447 1893 1541 1978; baseline -0.001 -22"><span class='ocrx_word' id='word_1_82' title='bbox 447 1894 647 1958; x_wconf 90' lang='lat' dir='ltr'>solucionem</span> <span class='ocrx_word' id='word_1_83' title='bbox 673 1895 776 1958; x_wconf 90' lang='lat' dir='ltr'>eidem</span> <span class='ocrx_word' id='word_1_84' title='bbox 800 1893 865 1958; x_wconf 92' lang='lat' dir='ltr'>dno</span> <span class='ocrx_word' id='word_1_85' title='bbox 890 1895 1089 1978; x_wconf 81' lang='lat' dir='ltr'>Sandiuogio</span> <span class='ocrx_word' id='word_1_86' title='bbox 1113 1917 1170 1978; x_wconf 92' lang='lat' dir='ltr'>per</span> <span class='ocrx_word' id='word_1_87' title='bbox 1194 1896 1368 1978; x_wconf 92' lang='lat' dir='ltr'>capitulum</span> <span class='ocrx_word' id='word_1_88' title='bbox 1393 1895 1541 1958; x_wconf 77' lang='lat' dir='ltr'>fiendam.</span> 
     </span>
    </p>
   </div>
   <div class='ocr_carea' id='block_1_7' title="bbox 660 2123 1216 2208">
    <p class='ocr_par' dir='ltr' id='par_1_7' title="bbox 660 2123 1216 2208">
     <span class='ocr_line' id='line_1_12' title="bbox 660 2123 1216 2208; baseline 0.002 -21"><span class='ocrx_word' id='word_1_89' title='bbox 660 2123 703 2187; x_wconf 93' lang='lat' dir='ltr'>A.</span> <span class='ocrx_word' id='word_1_90' title='bbox 732 2128 829 2206; x_wconf 85' lang='lat'>1464,</span> <span class='ocrx_word' id='word_1_91' title='bbox 855 2125 923 2188; x_wconf 92' lang='lat' dir='ltr'>Iulii</span> <span class='ocrx_word' id='word_1_92' title='bbox 947 2128 983 2201; x_wconf 89' lang='lat'>6,</span> <span class='ocrx_word' id='word_1_93' title='bbox 1008 2128 1039 2188; x_wconf 93' lang='lat' dir='ltr'>in</span> <span class='ocrx_word' id='word_1_94' title='bbox 1064 2127 1216 2208; x_wconf 90' lang='lat' dir='ltr'>capitulo.</span> 
     </span>
    </p>
   </div>
   <div class='ocr_carea' id='block_1_8' title="bbox 447 2261 2001 2564">
    <p class='ocr_par' dir='ltr' id='par_1_8' title="bbox 447 2261 2001 2564">
     <span class='ocr_line' id='line_1_13' title="bbox 556 2261 2001 2350; baseline -0.002 -20"><span class='ocrx_word' id='word_1_95' title='bbox 556 2261 641 2331; x_wconf 83' lang='grc'><strong>573.</strong></span> <span class='ocrx_word' id='word_1_96' title='bbox 666 2266 730 2348; x_wconf 87' lang='grc' dir='ltr'><strong>(ΙΙΙ.</strong></span> <span class='ocrx_word' id='word_1_97' title='bbox 757 2267 835 2346; x_wconf 86' lang='lat'><strong>36⁰).</strong></span> <span class='ocrx_word' id='word_1_98' title='bbox 863 2267 987 2330; x_wconf 91' lang='lat' dir='ltr'>Ibidem</span> <span class='ocrx_word' id='word_1_99' title='bbox 1010 2268 1092 2332; x_wconf 93' lang='lat' dir='ltr'>dnos</span> <span class='ocrx_word' id='word_1_100' title='bbox 1116 2267 1349 2350; x_wconf 85' lang='lat' dir='ltr'>Sandivogium</span> <span class='ocrx_word' id='word_1_101' title='bbox 1373 2278 1406 2331; x_wconf 91' lang='lat' dir='ltr'>et</span> <span class='ocrx_word' id='word_1_102' title='bbox 1430 2277 1656 2348; x_wconf 86' lang='lat' dir='ltr'>procuratores</span> <span class='ocrx_word' id='word_1_103' title='bbox 1680 2267 1721 2328; x_wconf 90' lang='lat' dir='ltr'>ad</span> <span class='ocrx_word' id='word_1_104' title='bbox 1745 2266 1845 2328; x_wconf 92' lang='lat' dir='ltr'>dnum</span> <span class='ocrx_word' id='word_1_105' title='bbox 1877 2264 2001 2345; x_wconf 91' lang='lat' dir='ltr'>capita-</span> 
     </span>
     <span class='ocr_line' id='line_1_14' title="bbox 447 2372 2001 2456; baseline -0.001 -23"><span class='ocrx_word' id='word_1_106' title='bbox 447 2392 542 2434; x_wconf 90' lang='lat' dir='ltr'>neum</span> <span class='ocrx_word' id='word_1_107' title='bbox 565 2373 606 2434; x_wconf 90' lang='lat' dir='ltr'>ad</span> <span class='ocrx_word' id='word_1_108' title='bbox 631 2384 772 2437; x_wconf 85' lang='lat' dir='ltr'>castrum</span> <span class='ocrx_word' id='word_1_109' title='bbox 797 2395 894 2456; x_wconf 91' lang='lat' dir='ltr'>super</span> <span class='ocrx_word' id='word_1_110' title='bbox 917 2375 1083 2438; x_wconf 89' lang='lat' dir='ltr'>violenciis</span> <span class='ocrx_word' id='word_1_111' title='bbox 1115 2386 1146 2438; x_wconf 91' lang='lat' dir='ltr'>et</span> <span class='ocrx_word' id='word_1_112' title='bbox 1172 2375 1320 2456; x_wconf 89' lang='lat' dir='ltr'>dampnis</span> <span class='ocrx_word' id='word_1_113' title='bbox 1351 2375 1382 2437; x_wconf 95' lang='lat' dir='ltr'>in</span> <span class='ocrx_word' id='word_1_114' title='bbox 1414 2373 1518 2436; x_wconf 89' lang='lat' dir='ltr'>borris</span> <span class='ocrx_word' id='word_1_115' title='bbox 1551 2374 1715 2456; x_wconf 85' lang='lat' dir='ltr'>Rogalino</span> <span class='ocrx_word' id='word_1_116' title='bbox 1750 2383 1783 2436; x_wconf 91' lang='lat' dir='ltr'>et</span> <span class='ocrx_word' id='word_1_117' title='bbox 1815 2373 1938 2453; x_wconf 88' lang='lat' dir='ltr'>campis</span> <span class='ocrx_word' id='word_1_118' title='bbox 1969 2372 2001 2432; x_wconf 92' lang='lat' dir='ltr'>in</span> 
     </span>
     <span class='ocr_line' id='line_1_15' title="bbox 448 2477 1636 2564; baseline 0.002 -22"><span class='ocrx_word' id='word_1_119' title='bbox 448 2477 623 2543; x_wconf 89' lang='lat' dir='ltr'>Chartowo</span> <span class='ocrx_word' id='word_1_120' title='bbox 648 2501 706 2562; x_wconf 90' lang='lat' dir='ltr'>per</span> <span class='ocrx_word' id='word_1_121' title='bbox 729 2481 924 2545; x_wconf 84' lang='lat' dir='ltr'>kmethones</span> <span class='ocrx_word' id='word_1_122' title='bbox 949 2483 980 2543; x_wconf 86' lang='lat' dir='ltr'>ln</span> <span class='ocrx_word' id='word_1_123' title='bbox 1003 2481 1120 2564; x_wconf 86' lang='lat' dir='ltr'>Sgerzs</span> <span class='ocrx_word' id='word_1_124' title='bbox 1143 2482 1239 2545; x_wconf 90' lang='lat' dir='ltr'>illatis</span> <span class='ocrx_word' id='word_1_125' title='bbox 1264 2483 1365 2545; x_wconf 90' lang='lat' dir='ltr'>ituros</span> <span class='ocrx_word' id='word_1_126' title='bbox 1389 2483 1636 2563; x_wconf 88' lang='lat' dir='ltr'>deputaverunt.</span> 
     </span>
    </p>
   </div>
   <div class='ocr_carea' id='block_1_9' title="bbox 661 2709 1776 2792">
    <p class='ocr_par' dir='ltr' id='par_1_9' title="bbox 661 2709 1776 2792">
     <span class='ocr_line' id='line_1_16' title="bbox 661 2709 1776 2792; baseline 0 -20"><span class='ocrx_word' id='word_1_127' title='bbox 661 2709 704 2774; x_wconf 89' lang='lat' dir='ltr'>A.</span> <span class='ocrx_word' id='word_1_128' title='bbox 736 2712 831 2790; x_wconf 89' lang='lat'>1464,</span> <span class='ocrx_word' id='word_1_129' title='bbox 857 2710 1011 2776; x_wconf 88' lang='lat' dir='ltr'>Octobris</span> <span class='ocrx_word' id='word_1_130' title='bbox 1036 2729 1071 2785; x_wconf 87' lang='lat'>2,</span> <span class='ocrx_word' id='word_1_131' title='bbox 1096 2713 1127 2774; x_wconf 94' lang='lat' dir='ltr'>in</span> <span class='ocrx_word' id='word_1_132' title='bbox 1151 2711 1288 2774; x_wconf 92' lang='lat' dir='ltr'>ecclesia</span> <span class='ocrx_word' id='word_1_133' title='bbox 1311 2711 1497 2775; x_wconf 92' lang='lat' dir='ltr'>monasterii</span> <span class='ocrx_word' id='word_1_134' title='bbox 1521 2713 1552 2774; x_wconf 93' lang='lat' dir='ltr'>in</span> <span class='ocrx_word' id='word_1_135' title='bbox 1577 2709 1776 2792; x_wconf 87' lang='lat' dir='ltr'>Owyenska.</span> 
     </span>
    </p>
   </div>
   <div class='ocr_carea' id='block_1_10' title="bbox 447 2847 2003 3470">
    <p class='ocr_par' dir='ltr' id='par_1_10' title="bbox 447 2847 2003 3470">
     <span class='ocr_line' id='line_1_17' title="bbox 556 2847 2003 2933; baseline -0.003 -18"><span class='ocrx_word' id='word_1_136' title='bbox 556 2847 641 2917; x_wconf 90' lang='grc'><strong>574.</strong></span> <span class='ocrx_word' id='word_1_137' title='bbox 667 2851 731 2933; x_wconf 86' lang='grc' dir='ltr'><strong>(ΙΙΙ.</strong></span> <span class='ocrx_word' id='word_1_138' title='bbox 758 2853 837 2932; x_wconf 83' lang='lat'><strong>38⁰).</strong></span> <span class='ocrx_word' id='word_1_139' title='bbox 864 2853 925 2916; x_wconf 91' lang='lat' dir='ltr'>Die</span> <span class='ocrx_word' id='word_1_140' title='bbox 947 2853 1062 2916; x_wconf 91' lang='lat' dir='ltr'>Martis</span> <span class='ocrx_word' id='word_1_141' title='bbox 1085 2853 1227 2915; x_wconf 89' lang='lat' dir='ltr'>secunda</span> <span class='ocrx_word' id='word_1_142' title='bbox 1251 2855 1370 2916; x_wconf 91' lang='lat' dir='ltr'>mensis</span> <span class='ocrx_word' id='word_1_143' title='bbox 1387 2851 1542 2916; x_wconf 90' lang='lat' dir='ltr'>Octobris</span> <span class='ocrx_word' id='word_1_144' title='bbox 1558 2851 1637 2914; x_wconf 90' lang='lat' dir='ltr'>bora</span> <span class='ocrx_word' id='word_1_145' title='bbox 1654 2853 1823 2914; x_wconf 90' lang='lat' dir='ltr'>terciarum</span> <span class='ocrx_word' id='word_1_146' title='bbox 1840 2849 1892 2912; x_wconf 92' lang='lat' dir='ltr'>vel</span> <span class='ocrx_word' id='word_1_147' title='bbox 1909 2847 2003 2929; x_wconf 90' lang='lat' dir='ltr'>quasi</span> 
     </span>
     <span class='ocr_line' id='line_1_18' title="bbox 448 2955 2003 3042; baseline -0.002 -23"><span class='ocrx_word' id='word_1_148' title='bbox 448 2959 480 3020; x_wconf 96' lang='lat' dir='ltr'>in</span> <span class='ocrx_word' id='word_1_149' title='bbox 503 2959 638 3022; x_wconf 89' lang='lat' dir='ltr'>ecclesia</span> <span class='ocrx_word' id='word_1_150' title='bbox 661 2957 692 3021; x_wconf 90' lang='lat' dir='ltr'>S.</span> <span class='ocrx_word' id='word_1_151' title='bbox 717 2958 829 3022; x_wconf 89' lang='lat' dir='ltr'>Crucis</span> <span class='ocrx_word' id='word_1_152' title='bbox 854 2961 1040 3024; x_wconf 89' lang='lat' dir='ltr'>monasterii</span> <span class='ocrx_word' id='word_1_153' title='bbox 1063 2963 1094 3022; x_wconf 93' lang='lat' dir='ltr'>in</span> <span class='ocrx_word' id='word_1_154' title='bbox 1120 2959 1308 3042; x_wconf 84' lang='lat' dir='ltr'>Owyenska</span> <span class='ocrx_word' id='word_1_155' title='bbox 1340 2981 1448 3024; x_wconf 90' lang='lat' dir='ltr'>vener.</span> <span class='ocrx_word' id='word_1_156' title='bbox 1482 2971 1591 3040; x_wconf 87' lang='lat' dir='ltr'>patres</span> <span class='ocrx_word' id='word_1_157' title='bbox 1623 2968 1656 3021; x_wconf 92' lang='lat' dir='ltr'>et</span> <span class='ocrx_word' id='word_1_158' title='bbox 1687 2958 1741 3020; x_wconf 95' lang='lat' dir='ltr'>dni</span> <span class='ocrx_word' id='word_1_159' title='bbox 1773 2957 1927 3018; x_wconf 90' lang='lat' dir='ltr'>Nicolaus</span> <span class='ocrx_word' id='word_1_160' title='bbox 1959 2955 2003 3017; x_wconf 90' lang='lat' dir='ltr'>de</span> 
     </span>
     <span class='ocr_line' id='line_1_19' title="bbox 448 3061 2003 3144; baseline -0.003 -16"><span class='ocrx_word' id='word_1_161' title='bbox 448 3063 682 3128; x_wconf 89' lang='lat' dir='ltr'>Glamboczecz</span> <span class='ocrx_word' id='word_1_162' title='bbox 706 3067 964 3138; x_wconf 87' lang='lat' dir='ltr'>archidiaconus,</span> <span class='ocrx_word' id='word_1_163' title='bbox 999 3067 1153 3130; x_wconf 89' lang='lat' dir='ltr'>Nicolaus</span> <span class='ocrx_word' id='word_1_164' title='bbox 1177 3079 1303 3140; x_wconf 91' lang='lat' dir='ltr'>custos,</span> <span class='ocrx_word' id='word_1_165' title='bbox 1328 3067 1488 3129; x_wconf 90' lang='lat' dir='ltr'>lohannes</span> <span class='ocrx_word' id='word_1_166' title='bbox 1513 3067 1675 3136; x_wconf 78' lang='lat' dir='ltr'>ll&#39;iscote‚</span> <span class='ocrx_word' id='word_1_167' title='bbox 1699 3063 1930 3144; x_wconf 85' lang='lat' dir='ltr'>Sandivogius,</span> <span class='ocrx_word' id='word_1_168' title='bbox 1953 3061 2003 3124; x_wconf 94' lang='lat' dir='ltr'>Io·</span> 
     </span>
     <span class='ocr_line' id='line_1_20' title="bbox 448 3171 2003 3256; baseline -0.002 -22"><span class='ocrx_word' id='word_1_169' title='bbox 448 3172 572 3235; x_wconf 88' lang='lat' dir='ltr'>hannes</span> <span class='ocrx_word' id='word_1_170' title='bbox 589 3173 654 3256; x_wconf 86' lang='lat' dir='ltr'>[de]</span> <span class='ocrx_word' id='word_1_171' title='bbox 671 3173 814 3256; x_wconf 87' lang='lat' dir='ltr'>Popowo</span> <span class='ocrx_word' id='word_1_172' title='bbox 832 3185 865 3237; x_wconf 90' lang='lat' dir='ltr'>et</span> <span class='ocrx_word' id='word_1_173' title='bbox 883 3174 1077 3238; x_wconf 89' lang='lat' dir='ltr'>Wladislaus</span> <span class='ocrx_word' id='word_1_174' title='bbox 1101 3175 1215 3256; x_wconf 89' lang='lat' dir='ltr'>prelati</span> <span class='ocrx_word' id='word_1_175' title='bbox 1240 3187 1272 3238; x_wconf 89' lang='lat' dir='ltr'>et</span> <span class='ocrx_word' id='word_1_176' title='bbox 1289 3177 1434 3238; x_wconf 88' lang='lat' dir='ltr'>canonici</span> <span class='ocrx_word' id='word_1_177' title='bbox 1459 3175 1594 3236; x_wconf 88' lang='lat' dir='ltr'>ecclesie</span> <span class='ocrx_word' id='word_1_178' title='bbox 1617 3173 1755 3234; x_wconf 90' lang='lat' dir='ltr'>Poznan.</span> <span class='ocrx_word' id='word_1_179' title='bbox 1782 3191 1822 3232; x_wconf 90' lang='lat' dir='ltr'>ex</span> <span class='ocrx_word' id='word_1_180' title='bbox 1847 3171 2003 3232; x_wconf 90' lang='lat' dir='ltr'>citatione</span> 
     </span>
     <span class='ocr_line' id='line_1_21' title="bbox 447 3278 2002 3363; baseline -0.002 -23"><span class='ocrx_word' id='word_1_181' title='bbox 447 3279 577 3360; x_wconf 90' lang='lat' dir='ltr'>capituli</span> <span class='ocrx_word' id='word_1_182' title='bbox 601 3281 642 3342; x_wconf 86' lang='lat' dir='ltr'>ad</span> <span class='ocrx_word' id='word_1_183' title='bbox 666 3283 804 3344; x_wconf 91' lang='lat' dir='ltr'>eundem</span> <span class='ocrx_word' id='word_1_184' title='bbox 829 3282 935 3344; x_wconf 91' lang='lat' dir='ltr'>locum</span> <span class='ocrx_word' id='word_1_185' title='bbox 959 3292 1094 3363; x_wconf 92' lang='lat' dir='ltr'>propter</span> <span class='ocrx_word' id='word_1_186' title='bbox 1117 3303 1272 3345; x_wconf 89' lang='lat' dir='ltr'>auram</span> <span class='ocrx_word' id='word_1_187' title='bbox 1296 3282 1711 3363; x_wconf 90' lang='lat' dir='ltr'>pestilencialem,</span> <span class='ocrx_word' id='word_1_188' title='bbox 1735 3299 1798 3360; x_wconf 90' lang='lat' dir='ltr'>que</span> <span class='ocrx_word' id='word_1_189' title='bbox 1821 3278 2002 3357; x_wconf 77' lang='lat' dir='ltr'>tuncvige</span> 
     </span>
     <span class='ocr_line' id='line_1_22' title="bbox 447 3386 1580 3470; baseline 0.003 -23"><span class='ocrx_word' id='word_1_190' title='bbox 447 3386 504 3448; x_wconf 91' lang='lat' dir='ltr'>bat</span> <span class='ocrx_word' id='word_1_191' title='bbox 528 3387 558 3447; x_wconf 95' lang='lat' dir='ltr'>in</span> <span class='ocrx_word' id='word_1_192' title='bbox 583 3387 656 3450; x_wconf 93' lang='lat' dir='ltr'>loco</span> <span class='ocrx_word' id='word_1_193' title='bbox 679 3399 712 3451; x_wconf 91' lang='lat' dir='ltr'>et</span> <span class='ocrx_word' id='word_1_194' title='bbox 735 3389 865 3452; x_wconf 87' lang='lat' dir='ltr'>civitate</span> <span class='ocrx_word' id='word_1_195' title='bbox 889 3388 1113 3464; x_wconf 88' lang='lat' dir='ltr'>Poznaniensi,</span> <span class='ocrx_word' id='word_1_196' title='bbox 1139 3389 1356 3470; x_wconf 87' lang='lat' dir='ltr'>capitulariter</span> <span class='ocrx_word' id='word_1_197' title='bbox 1379 3390 1580 3470; x_wconf 81' lang='lat' dir='ltr'>congregati</span> 
     </span>
    </p>
   </div>
   <div class='ocr_carea' id='block_1_11' title="bbox 449 3525 2003 3721">
    <p class='ocr_par' dir='ltr' id='par_1_11' title="bbox 449 3525 2003 3721">
     <span class='ocr_line' id='line_1_23' title="bbox 556 3525 2003 3612; baseline -0.004 -19"><span class='ocrx_word' id='word_1_198' title='bbox 556 3525 642 3594; x_wconf 91' lang='grc'><strong>575.</strong></span> <span class='ocrx_word' id='word_1_199' title='bbox 667 3530 770 3612; x_wconf 79' lang='lat' dir='ltr'>(ibid.)</span> <span class='ocrx_word' id='word_1_200' title='bbox 798 3529 921 3593; x_wconf 91' lang='lat' dir='ltr'>Ibidem</span> <span class='ocrx_word' id='word_1_201' title='bbox 945 3531 1042 3594; x_wconf 93' lang='lat' dir='ltr'>dnum</span> <span class='ocrx_word' id='word_1_202' title='bbox 1067 3532 1279 3595; x_wconf 89' lang='lat' dir='ltr'>Wladislaum</span> <span class='ocrx_word' id='word_1_203' title='bbox 1303 3533 1494 3594; x_wconf 89' lang='lat' dir='ltr'>canonicum</span> <span class='ocrx_word' id='word_1_204' title='bbox 1518 3531 1658 3594; x_wconf 87' lang='lat' dir='ltr'>Poznan.</span> <span class='ocrx_word' id='word_1_205' title='bbox 1691 3528 1731 3592; x_wconf 90' lang='lat' dir='ltr'>ad</span> <span class='ocrx_word' id='word_1_206' title='bbox 1763 3528 1937 3591; x_wconf 87' lang='lat' dir='ltr'>dietam</span> <span class='ocrx_word' id='word_1_207' title='bbox 1970 3527 2003 3588; x_wconf 86' lang='lat' dir='ltr'>ln</span> 
     </span>
     <span class='ocr_line' id='line_1_24' title="bbox 449 3635 1882 3721; baseline -0.001 -23"><span class='ocrx_word' id='word_1_208' title='bbox 449 3635 491 3698; x_wconf 90' lang='lat' dir='ltr'>W</span> <span class='ocrx_word' id='word_1_209' title='bbox 504 3657 524 3698; x_wconf 94' lang='grc' dir='ltr'>ο</span> <span class='ocrx_word' id='word_1_210' title='bbox 537 3637 547 3698; x_wconf 95' lang='grc' dir='ltr'><strong>Ι</strong></span> <span class='ocrx_word' id='word_1_211' title='bbox 561 3635 581 3699; x_wconf 93' lang='lat' dir='ltr'>b</span> <span class='ocrx_word' id='word_1_212' title='bbox 595 3658 615 3700; x_wconf 94' lang='lat' dir='ltr'>o</span> <span class='ocrx_word' id='word_1_213' title='bbox 627 3659 642 3700; x_wconf 92' lang='lat' dir='ltr'>r</span> <span class='ocrx_word' id='word_1_214' title='bbox 654 3658 699 3700; x_wconf 90' lang='lat' dir='ltr'>zs</span> <span class='ocrx_word' id='word_1_215' title='bbox 724 3637 977 3718; x_wconf 90' lang='lat' dir='ltr'>deputaverunt,</span> <span class='ocrx_word' id='word_1_216' title='bbox 1002 3659 1062 3702; x_wconf 88' lang='lat' dir='ltr'>sex</span> <span class='ocrx_word' id='word_1_217' title='bbox 1086 3659 1211 3702; x_wconf 89' lang='lat' dir='ltr'>marcas</span> <span class='ocrx_word' id='word_1_218' title='bbox 1235 3640 1294 3702; x_wconf 91' lang='lat' dir='ltr'>sibi</span> <span class='ocrx_word' id='word_1_219' title='bbox 1319 3639 1448 3702; x_wconf 88' lang='lat' dir='ltr'>racione</span> <span class='ocrx_word' id='word_1_220' title='bbox 1472 3639 1642 3721; x_wconf 84' lang='lat' dir='ltr'>fatigatum</span> <span class='ocrx_word' id='word_1_221' title='bbox 1667 3638 1882 3718; x_wconf 84' lang='lat' dir='ltr'>assignantes.</span> 
     </span>
    </p>
   </div>
   <div class='ocr_carea' id='block_1_12' title="bbox 449 3775 2003 4490">
    <p class='ocr_par' dir='ltr' id='par_1_12' title="bbox 449 3775 2003 4490">
     <span class='ocr_line' id='line_1_25' title="bbox 557 3775 2003 3864; baseline -0.006 -20"><span class='ocrx_word' id='word_1_222' title='bbox 557 3777 643 3845; x_wconf 80' lang='grc'><strong>575.</strong></span> <span class='ocrx_word' id='word_1_223' title='bbox 668 3781 773 3862; x_wconf 86' lang='lat' dir='ltr'>(lbid)</span> <span class='ocrx_word' id='word_1_224' title='bbox 797 3781 920 3844; x_wconf 90' lang='lat' dir='ltr'>Ibidem</span> <span class='ocrx_word' id='word_1_225' title='bbox 944 3781 1010 3844; x_wconf 94' lang='lat' dir='ltr'>dno</span> <span class='ocrx_word' id='word_1_226' title='bbox 1033 3783 1180 3845; x_wconf 88' lang='lat' dir='ltr'>Wiscote</span> <span class='ocrx_word' id='word_1_227' title='bbox 1203 3783 1337 3864; x_wconf 85' lang='lat' dir='ltr'>singulis</span> <span class='ocrx_word' id='word_1_228' title='bbox 1358 3783 1547 3863; x_wconf 88' lang='lat' dir='ltr'>septimanis</span> <span class='ocrx_word' id='word_1_229' title='bbox 1572 3793 1637 3845; x_wconf 90' lang='lat' dir='ltr'>tres</span> <span class='ocrx_word' id='word_1_230' title='bbox 1662 3797 1827 3842; x_wconf 88' lang='lat' dir='ltr'>mensuras</span> <span class='ocrx_word' id='word_1_231' title='bbox 1844 3776 1943 3838; x_wconf 83' lang='lat' dir='ltr'>farine</span> <span class='ocrx_word' id='word_1_232' title='bbox 1960 3775 2003 3836; x_wconf 90' lang='lat' dir='ltr'>de</span> 
     </span>
     <span class='ocr_line' id='line_1_26' title="bbox 450 3883 2002 3971; baseline -0.003 -23"><span class='ocrx_word' id='word_1_233' title='bbox 450 3887 638 3950; x_wconf 91' lang='lat' dir='ltr'>molendino</span> <span class='ocrx_word' id='word_1_234' title='bbox 662 3888 793 3968; x_wconf 89' lang='lat' dir='ltr'>capituli</span> <span class='ocrx_word' id='word_1_235' title='bbox 816 3893 946 3952; x_wconf 92' lang='lat' dir='ltr'>racione</span> <span class='ocrx_word' id='word_1_236' title='bbox 970 3889 1161 3961; x_wconf 90' lang='lat' dir='ltr'>residencie,</span> <span class='ocrx_word' id='word_1_237' title='bbox 1187 3910 1284 3971; x_wconf 87' lang='lat' dir='ltr'>quarn</span> <span class='ocrx_word' id='word_1_238' title='bbox 1309 3889 1384 3953; x_wconf 89' lang='lat' dir='ltr'>facit</span> <span class='ocrx_word' id='word_1_239' title='bbox 1401 3902 1549 3970; x_wconf 90' lang='lat' dir='ltr'>tempore</span> <span class='ocrx_word' id='word_1_240' title='bbox 1574 3887 1793 3969; x_wconf 89' lang='lat' dir='ltr'>presentis</span> <span class='ocrx_word' id='word_1_241' title='bbox 1816 3883 2002 3946; x_wconf 90' lang='lat' dir='ltr'>mortali·</span> 
     </span>
     <span class='ocr_line' id='line_1_27' title="bbox 449 3989 2003 4078; baseline -0.003 -22"><span class='ocrx_word' id='word_1_242' title='bbox 449 3996 553 4058; x_wconf 89' lang='lat' dir='ltr'>tatis</span> <span class='ocrx_word' id='word_1_243' title='bbox 583 3995 666 4056; x_wconf 89' lang='lat' dir='ltr'>circa</span> <span class='ocrx_word' id='word_1_244' title='bbox 697 3996 866 4060; x_wconf 90' lang='lat' dir='ltr'>ecclesiam</span> <span class='ocrx_word' id='word_1_245' title='bbox 890 3995 1039 4068; x_wconf 89' lang='lat' dir='ltr'>Poznan.,</span> <span class='ocrx_word' id='word_1_246' title='bbox 1074 4017 1132 4078; x_wconf 93' lang='lat' dir='ltr'>pro</span> <span class='ocrx_word' id='word_1_247' title='bbox 1157 4017 1191 4059; x_wconf 86' lang='lat' dir='ltr'>se</span> <span class='ocrx_word' id='word_1_248' title='bbox 1214 3997 1419 4078; x_wconf 85' lang='lat' dir='ltr'>vicariisque,</span> <span class='ocrx_word' id='word_1_249' title='bbox 1450 3995 1734 4077; x_wconf 88' lang='lat' dir='ltr'>campanatoribus</span> <span class='ocrx_word' id='word_1_250' title='bbox 1765 4003 1798 4055; x_wconf 93' lang='lat' dir='ltr'>et</span> <span class='ocrx_word' id='word_1_251' title='bbox 1822 3989 2003 4054; x_wconf 90' lang='lat' dir='ltr'>scolaribus</span> 
     </span>
     <span class='ocr_line' id='line_1_28' title="bbox 449 4099 2001 4184; baseline -0.003 -20"><span class='ocrx_word' id='word_1_252' title='bbox 449 4102 663 4164; x_wconf 89' lang='lat' dir='ltr'>residentibus</span> <span class='ocrx_word' id='word_1_253' title='bbox 687 4113 720 4164; x_wconf 89' lang='lat' dir='ltr'>et</span> <span class='ocrx_word' id='word_1_254' title='bbox 743 4103 948 4184; x_wconf 89' lang='lat' dir='ltr'>presentibus</span> <span class='ocrx_word' id='word_1_255' title='bbox 973 4104 1003 4165; x_wconf 94' lang='lat' dir='ltr'>in</span> <span class='ocrx_word' id='word_1_256' title='bbox 1029 4125 1130 4184; x_wconf 89' lang='lat' dir='ltr'>panes</span> <span class='ocrx_word' id='word_1_257' title='bbox 1154 4104 1391 4167; x_wconf 88' lang='lat' dir='ltr'>distribuendas</span> <span class='ocrx_word' id='word_1_258' title='bbox 1415 4104 1457 4166; x_wconf 91' lang='lat' dir='ltr'>ad</span> <span class='ocrx_word' id='word_1_259' title='bbox 1481 4103 1720 4183; x_wconf 85' lang='lat' dir='ltr'>beneplacitum</span> <span class='ocrx_word' id='word_1_260' title='bbox 1744 4099 1949 4162; x_wconf 89' lang='lat' dir='ltr'>dominorum</span> <span class='ocrx_word' id='word_1_261' title='bbox 1966 4107 2001 4160; x_wconf 90' lang='lat' dir='ltr'>et</span> 
     </span>
     <span class='ocr_line' id='line_1_29' title="bbox 449 4209 2003 4294; baseline -0.004 -24"><span class='ocrx_word' id='word_1_262' title='bbox 449 4229 544 4270; x_wconf 91' lang='lat' dir='ltr'>unam</span> <span class='ocrx_word' id='word_1_263' title='bbox 569 4229 752 4272; x_wconf 91' lang='lat' dir='ltr'>mensuram</span> <span class='ocrx_word' id='word_1_264' title='bbox 777 4209 920 4273; x_wconf 89' lang='lat' dir='ltr'>similiter</span> <span class='ocrx_word' id='word_1_265' title='bbox 943 4232 1003 4294; x_wconf 93' lang='lat' dir='ltr'>pro</span> <span class='ocrx_word' id='word_1_266' title='bbox 1021 4211 1174 4293; x_wconf 88' lang='lat' dir='ltr'>panibus,</span> <span class='ocrx_word' id='word_1_267' title='bbox 1199 4214 1323 4274; x_wconf 90' lang='lat' dir='ltr'>vocatis</span> <span class='ocrx_word' id='word_1_268' title='bbox 1340 4213 1462 4292; x_wconf 88' lang='lat' dir='ltr'>pistore</span> <span class='ocrx_word' id='word_1_269' title='bbox 1479 4221 1511 4272; x_wconf 90' lang='lat' dir='ltr'>et</span> <span class='ocrx_word' id='word_1_270' title='bbox 1528 4209 1720 4272; x_wconf 89' lang='lat' dir='ltr'>divisoribus</span> <span class='ocrx_word' id='word_1_271' title='bbox 1737 4227 1793 4270; x_wconf 90' lang='lat' dir='ltr'>seu</span> <span class='ocrx_word' id='word_1_272' title='bbox 1812 4214 2003 4287; x_wconf 89' lang='lat' dir='ltr'>procurato-</span> 
     </span>
     <span class='ocr_line' id='line_1_30' title="bbox 449 4311 2002 4400; baseline -0.003 -23"><span class='ocrx_word' id='word_1_273' title='bbox 449 4316 550 4385; x_wconf 89' lang='lat' dir='ltr'>ribus,</span> <span class='ocrx_word' id='word_1_274' title='bbox 575 4317 673 4396; x_wconf 91' lang='lat' dir='ltr'>recipi</span> <span class='ocrx_word' id='word_1_275' title='bbox 691 4316 933 4381; x_wconf 89' lang='lat' dir='ltr'>mandaverunt.</span> <span class='ocrx_word' id='word_1_276' title='bbox 958 4317 1040 4380; x_wconf 92' lang='lat' dir='ltr'>lllud</span> <span class='ocrx_word' id='word_1_277' title='bbox 1057 4339 1143 4392; x_wconf 91' lang='lat' dir='ltr'>vero,</span> <span class='ocrx_word' id='word_1_278' title='bbox 1168 4319 1256 4399; x_wconf 93' lang='lat' dir='ltr'>quod</span> <span class='ocrx_word' id='word_1_279' title='bbox 1273 4317 1475 4400; x_wconf 84' lang='lat' dir='ltr'>superfuerit,</span> <span class='ocrx_word' id='word_1_280' title='bbox 1500 4337 1559 4400; x_wconf 92' lang='lat' dir='ltr'>pro</span> <span class='ocrx_word' id='word_1_281' title='bbox 1576 4317 1808 4379; x_wconf 87' lang='lat' dir='ltr'>reformacione</span> <span class='ocrx_word' id='word_1_282' title='bbox 1825 4311 2002 4376; x_wconf 90' lang='lat' dir='ltr'>molendini</span> 
     </span>
     <span class='ocr_line' id='line_1_31' title="bbox 449 4422 1106 4490; baseline 0.005 -6"><span class='ocrx_word' id='word_1_283' title='bbox 449 4422 606 4485; x_wconf 91' lang='lat' dir='ltr'>eiusmodi</span> <span class='ocrx_word' id='word_1_284' title='bbox 630 4434 811 4487; x_wconf 90' lang='lat' dir='ltr'>reservetur</span> <span class='ocrx_word' id='word_1_285' title='bbox 834 4433 866 4488; x_wconf 93' lang='lat' dir='ltr'>et</span> <span class='ocrx_word' id='word_1_286' title='bbox 889 4437 1106 4490; x_wconf 87' lang='lat' dir='ltr'>convertatur.</span> 
     </span>
    </p>
   </div>
   <div class='ocr_carea' id='block_1_13' title="bbox 661 4652 1304 4736">
    <p class='ocr_par' dir='ltr' id='par_1_13' title="bbox 661 4652 1304 4736">
     <span class='ocr_line' id='line_1_32' title="bbox 661 4652 1304 4736; baseline 0.005 -22"><span class='ocrx_word' id='word_1_287' title='bbox 661 4652 705 4716; x_wconf 94' lang='lat' dir='ltr'>A.</span> <span class='ocrx_word' id='word_1_288' title='bbox 735 4655 834 4732; x_wconf 86' lang='lat'>1464,</span> <span class='ocrx_word' id='word_1_289' title='bbox 858 4652 1012 4718; x_wconf 92' lang='lat' dir='ltr'>Octobris</span> <span class='ocrx_word' id='word_1_290' title='bbox 1038 4669 1072 4736; x_wconf 85' lang='lat'>5,</span> <span class='ocrx_word' id='word_1_291' title='bbox 1097 4657 1128 4717; x_wconf 91' lang='lat' dir='ltr'>in</span> <span class='ocrx_word' id='word_1_292' title='bbox 1152 4655 1304 4736; x_wconf 82' lang='lat' dir='ltr'>capitulo</span> 
     </span>
    </p>
   </div>
   <div class='ocr_carea' id='block_1_14' title="bbox 448 4790 2003 5744">
    <p class='ocr_par' dir='ltr' id='par_1_14' title="bbox 448 4790 2003 5744">
     <span class='ocr_line' id='line_1_33' title="bbox 557 4790 2002 4878; baseline -0.007 -17"><span class='ocrx_word' id='word_1_293' title='bbox 557 4793 642 4862; x_wconf 87' lang='grc'><strong>577.</strong></span> <span class='ocrx_word' id='word_1_294' title='bbox 668 4797 730 4878; x_wconf 74' lang='grc' dir='ltr'><strong>(ΙΙΙ.</strong></span> <span class='ocrx_word' id='word_1_295' title='bbox 756 4797 830 4877; x_wconf 86' lang='lat'>39⁰).</span> <span class='ocrx_word' id='word_1_296' title='bbox 856 4797 918 4860; x_wconf 90' lang='lat' dir='ltr'>Die</span> <span class='ocrx_word' id='word_1_297' title='bbox 942 4797 1123 4862; x_wconf 89' lang='lat' dir='ltr'>Veneris..</span> <span class='ocrx_word' id='word_1_298' title='bbox 1149 4799 1180 4860; x_wconf 92' lang='lat' dir='ltr'>in</span> <span class='ocrx_word' id='word_1_299' title='bbox 1205 4798 1340 4860; x_wconf 90' lang='lat' dir='ltr'>ecclesia</span> <span class='ocrx_word' id='word_1_300' title='bbox 1364 4819 1389 4860; x_wconf 93' lang='lat' dir='ltr'>s.</span> <span class='ocrx_word' id='word_1_301' title='bbox 1415 4797 1526 4860; x_wconf 89' lang='lat' dir='ltr'>Crucis</span> <span class='ocrx_word' id='word_1_302' title='bbox 1551 4795 1738 4858; x_wconf 89' lang='lat' dir='ltr'>monasterii</span> <span class='ocrx_word' id='word_1_303' title='bbox 1761 4795 1793 4855; x_wconf 93' lang='lat' dir='ltr'>in</span> <span class='ocrx_word' id='word_1_304' title='bbox 1811 4790 2002 4872; x_wconf 86' lang='lat' dir='ltr'>Owyenska</span> 
     </span>
     <span class='ocr_line' id='line_1_34' title="bbox 448 4898 2000 4987; baseline -0.005 -19"><span class='ocrx_word' id='word_1_305' title='bbox 448 4905 502 4968; x_wconf 93' lang='lat' dir='ltr'>dni</span> <span class='ocrx_word' id='word_1_306' title='bbox 524 4904 679 4968; x_wconf 92' lang='lat' dir='ltr'>Nicolaus</span> <span class='ocrx_word' id='word_1_307' title='bbox 710 4915 836 4979; x_wconf 89' lang='lat' dir='ltr'>custos,</span> <span class='ocrx_word' id='word_1_308' title='bbox 868 4903 1086 4987; x_wconf 86' lang='lat' dir='ltr'>Sandivogius</span> <span class='ocrx_word' id='word_1_309' title='bbox 1117 4916 1149 4968; x_wconf 88' lang='lat' dir='ltr'>et</span> <span class='ocrx_word' id='word_1_310' title='bbox 1177 4905 1338 4968; x_wconf 86' lang='lat' dir='ltr'>Iohannes</span> <span class='ocrx_word' id='word_1_311' title='bbox 1362 4904 1508 4968; x_wconf 91' lang='lat' dir='ltr'>Wiscote</span> <span class='ocrx_word' id='word_1_312' title='bbox 1533 4901 1678 4964; x_wconf 90' lang='lat' dir='ltr'>canonici</span> <span class='ocrx_word' id='word_1_313' title='bbox 1702 4901 1838 4963; x_wconf 90' lang='lat' dir='ltr'>ecclesie</span> <span class='ocrx_word' id='word_1_314' title='bbox 1859 4898 2000 4960; x_wconf 88' lang='lat' dir='ltr'>Poznan.</span> 
     </span>
     <span class='ocr_line' id='line_1_35' title="bbox 449 5007 2001 5094; baseline -0.006 -19"><span class='ocrx_word' id='word_1_315' title='bbox 449 5024 583 5094; x_wconf 90' lang='lat' dir='ltr'>propter</span> <span class='ocrx_word' id='word_1_316' title='bbox 614 5033 768 5074; x_wconf 89' lang='lat' dir='ltr'>auram</span> <span class='ocrx_word' id='word_1_317' title='bbox 800 5012 1202 5093; x_wconf 90' lang='lat' dir='ltr'>postilencialem</span> <span class='ocrx_word' id='word_1_318' title='bbox 1233 5013 1451 5093; x_wconf 88' lang='lat' dir='ltr'>capitulariter</span> <span class='ocrx_word' id='word_1_319' title='bbox 1474 5009 1665 5091; x_wconf 86' lang='lat' dir='ltr'>congregati</span> <span class='ocrx_word' id='word_1_320' title='bbox 1688 5008 1730 5070; x_wconf 90' lang='lat' dir='ltr'>ad</span> <span class='ocrx_word' id='word_1_321' title='bbox 1753 5007 2001 5088; x_wconf 91' lang='lat' dir='ltr'>requisicionem</span> 
     </span>
     <span class='ocr_line' id='line_1_36' title="bbox 448 5113 2003 5200; baseline -0.006 -18"><span class='ocrx_word' id='word_1_322' title='bbox 448 5120 502 5182; x_wconf 93' lang='lat' dir='ltr'>dni</span> <span class='ocrx_word' id='word_1_323' title='bbox 526 5119 613 5182; x_wconf 90' lang='lat' dir='ltr'>Pauli</span> <span class='ocrx_word' id='word_1_324' title='bbox 637 5121 678 5182; x_wconf 92' lang='lat' dir='ltr'>de</span> <span class='ocrx_word' id='word_1_325' title='bbox 702 5118 881 5199; x_wconf 84' lang='lat' dir='ltr'>Syracowo</span> <span class='ocrx_word' id='word_1_326' title='bbox 906 5119 1126 5200; x_wconf 89' lang='lat' dir='ltr'>penitenciarii</span> <span class='ocrx_word' id='word_1_327' title='bbox 1143 5130 1175 5182; x_wconf 91' lang='lat' dir='ltr'>et</span> <span class='ocrx_word' id='word_1_328' title='bbox 1192 5119 1408 5182; x_wconf 89' lang='lat' dir='ltr'>vicecustodis</span> <span class='ocrx_word' id='word_1_329' title='bbox 1425 5120 1455 5179; x_wconf 95' lang='lat' dir='ltr'>in</span> <span class='ocrx_word' id='word_1_330' title='bbox 1472 5117 1608 5181; x_wconf 89' lang='lat' dir='ltr'>ecclesia</span> <span class='ocrx_word' id='word_1_331' title='bbox 1625 5118 1763 5179; x_wconf 88' lang='lat' dir='ltr'>Poznan.</span> <span class='ocrx_word' id='word_1_332' title='bbox 1783 5113 2003 5196; x_wconf 88' lang='lat' dir='ltr'>procuratoris</span> 
     </span>
     <span class='ocr_line' id='line_1_37' title="bbox 448 5220 2003 5310; baseline -0.005 -22"><span class='ocrx_word' id='word_1_333' title='bbox 448 5226 562 5289; x_wconf 91' lang='lat' dir='ltr'>honor.</span> <span class='ocrx_word' id='word_1_334' title='bbox 587 5227 641 5288; x_wconf 94' lang='lat' dir='ltr'>dni</span> <span class='ocrx_word' id='word_1_335' title='bbox 663 5227 749 5290; x_wconf 89' lang='lat' dir='ltr'>Petri</span> <span class='ocrx_word' id='word_1_336' title='bbox 772 5226 901 5289; x_wconf 92' lang='lat' dir='ltr'>Alberti</span> <span class='ocrx_word' id='word_1_337' title='bbox 926 5227 966 5288; x_wconf 93' lang='lat' dir='ltr'>de</span> <span class='ocrx_word' id='word_1_338' title='bbox 989 5225 1148 5308; x_wconf 81' lang='lat' dir='ltr'>Smygyel</span> <span class='ocrx_word' id='word_1_339' title='bbox 1166 5227 1262 5310; x_wconf 85' lang='lat' dir='ltr'>[visis]</span> <span class='ocrx_word' id='word_1_340' title='bbox 1280 5227 1393 5290; x_wconf 91' lang='lat' dir='ltr'>litteris</span> <span class='ocrx_word' id='word_1_341' title='bbox 1409 5227 1603 5308; x_wconf 89' lang='lat' dir='ltr'>provisionis</span> <span class='ocrx_word' id='word_1_342' title='bbox 1620 5225 1679 5288; x_wconf 90' lang='lat' dir='ltr'>sub</span> <span class='ocrx_word' id='word_1_343' title='bbox 1696 5222 1791 5287; x_wconf 91' lang='lat' dir='ltr'>titulo</span> <span class='ocrx_word' id='word_1_344' title='bbox 1807 5221 1883 5282; x_wconf 91' lang='lat' dir='ltr'>Rmi</span> <span class='ocrx_word' id='word_1_345' title='bbox 1900 5220 2003 5301; x_wconf 90' lang='lat' dir='ltr'>patris</span> 
     </span>
     <span class='ocr_line' id='line_1_38' title="bbox 449 5328 2001 5416; baseline -0.003 -21"><span class='ocrx_word' id='word_1_346' title='bbox 449 5334 503 5395; x_wconf 94' lang='lat' dir='ltr'>dni</span> <span class='ocrx_word' id='word_1_347' title='bbox 526 5333 660 5396; x_wconf 90' lang='lat' dir='ltr'>Andree</span> <span class='ocrx_word' id='word_1_348' title='bbox 684 5335 713 5397; x_wconf 91' lang='lat' dir='ltr'>d.</span> <span class='ocrx_word' id='word_1_349' title='bbox 738 5356 767 5416; x_wconf 87' lang='lat' dir='ltr'>g.</span> <span class='ocrx_word' id='word_1_350' title='bbox 793 5333 855 5414; x_wconf 88' lang='lat' dir='ltr'>Epi</span> <span class='ocrx_word' id='word_1_351' title='bbox 879 5334 1016 5396; x_wconf 87' lang='lat' dir='ltr'>Poznan.</span> <span class='ocrx_word' id='word_1_352' title='bbox 1041 5336 1081 5396; x_wconf 91' lang='lat' dir='ltr'>ad</span> <span class='ocrx_word' id='word_1_353' title='bbox 1106 5337 1332 5397; x_wconf 86' lang='lat' dir='ltr'>canonicatum</span> <span class='ocrx_word' id='word_1_354' title='bbox 1356 5345 1389 5396; x_wconf 90' lang='lat' dir='ltr'>et</span> <span class='ocrx_word' id='word_1_355' title='bbox 1412 5333 1610 5416; x_wconf 90' lang='lat' dir='ltr'>prebendam</span> <span class='ocrx_word' id='word_1_356' title='bbox 1642 5334 1674 5393; x_wconf 92' lang='lat' dir='ltr'>in</span> <span class='ocrx_word' id='word_1_357' title='bbox 1698 5329 1833 5393; x_wconf 90' lang='lat' dir='ltr'>ecclesia</span> <span class='ocrx_word' id='word_1_358' title='bbox 1861 5328 2001 5390; x_wconf 87' lang='lat' dir='ltr'>Poznan.</span> 
     </span>
     <span class='ocr_line' id='line_1_39' title="bbox 449 5435 2002 5523; baseline -0.005 -19"><span class='ocrx_word' id='word_1_359' title='bbox 449 5462 507 5523; x_wconf 93' lang='lat' dir='ltr'>per</span> <span class='ocrx_word' id='word_1_360' title='bbox 531 5453 669 5504; x_wconf 88' lang='lat' dir='ltr'>mortem</span> <span class='ocrx_word' id='word_1_361' title='bbox 694 5441 771 5502; x_wconf 91' lang='lat' dir='ltr'>olim</span> <span class='ocrx_word' id='word_1_362' title='bbox 795 5439 925 5503; x_wconf 90' lang='lat' dir='ltr'>Alberti</span> <span class='ocrx_word' id='word_1_363' title='bbox 948 5441 1074 5504; x_wconf 90' lang='lat' dir='ltr'>Valach</span> <span class='ocrx_word' id='word_1_364' title='bbox 1098 5443 1138 5504; x_wconf 91' lang='lat' dir='ltr'>de</span> <span class='ocrx_word' id='word_1_365' title='bbox 1162 5441 1403 5523; x_wconf 83' lang='lat' dir='ltr'>Lagyewnylry</span> <span class='ocrx_word' id='word_1_366' title='bbox 1436 5441 1537 5504; x_wconf 91' lang='lat' dir='ltr'>ultimi</span> <span class='ocrx_word' id='word_1_367' title='bbox 1569 5440 1745 5502; x_wconf 92' lang='lat' dir='ltr'>eorundem</span> <span class='ocrx_word' id='word_1_368' title='bbox 1768 5449 1803 5500; x_wconf 92' lang='lat' dir='ltr'>et</span> <span class='ocrx_word' id='word_1_369' title='bbox 1826 5435 2002 5499; x_wconf 89' lang='lat' dir='ltr'>immediati</span> 
     </span>
     <span class='ocr_line' id='line_1_40' title="bbox 449 5545 2002 5631; baseline -0.005 -23"><span class='ocrx_word' id='word_1_370' title='bbox 449 5549 647 5630; x_wconf 90' lang='lat' dir='ltr'>possessoris</span> <span class='ocrx_word' id='word_1_371' title='bbox 671 5557 826 5610; x_wconf 90' lang='lat' dir='ltr'>vacantes</span> <span class='ocrx_word' id='word_1_372' title='bbox 849 5548 970 5610; x_wconf 91' lang='lat' dir='ltr'>dictum</span> <span class='ocrx_word' id='word_1_373' title='bbox 995 5549 1092 5611; x_wconf 94' lang='lat' dir='ltr'>dnum</span> <span class='ocrx_word' id='word_1_374' title='bbox 1116 5548 1248 5612; x_wconf 90' lang='lat' dir='ltr'>Paulum</span> <span class='ocrx_word' id='word_1_375' title='bbox 1274 5549 1389 5631; x_wconf 85' lang='lat' dir='ltr'>prelati</span> <span class='ocrx_word' id='word_1_376' title='bbox 1413 5547 1467 5611; x_wconf 93' lang='lat' dir='ltr'>dni</span> <span class='ocrx_word' id='word_1_377' title='bbox 1491 5547 1576 5611; x_wconf 91' lang='lat' dir='ltr'>Petri</span> <span class='ocrx_word' id='word_1_378' title='bbox 1599 5556 1843 5630; x_wconf 88' lang='lat' dir='ltr'>procuratorem</span> <span class='ocrx_word' id='word_1_379' title='bbox 1860 5545 1892 5606; x_wconf 90' lang='lat' dir='ltr'>in</span> <span class='ocrx_word' id='word_1_380' title='bbox 1907 5561 2002 5604; x_wconf 88' lang='lat' dir='ltr'>cano·</span> 
     </span>
     <span class='ocr_line' id='line_1_41' title="bbox 450 5655 1050 5744; baseline 0.002 -22"><span class='ocrx_word' id='word_1_381' title='bbox 450 5657 555 5722; x_wconf 86' lang='lat' dir='ltr'>uicum</span> <span class='ocrx_word' id='word_1_382' title='bbox 580 5665 613 5720; x_wconf 91' lang='lat' dir='ltr'>et</span> <span class='ocrx_word' id='word_1_383' title='bbox 637 5655 668 5718; x_wconf 91' lang='lat' dir='ltr'>in</span> <span class='ocrx_word' id='word_1_384' title='bbox 693 5655 824 5722; x_wconf 84' lang='lat' dir='ltr'>fratrem</span> <span class='ocrx_word' id='word_1_385' title='bbox 848 5667 1050 5744; x_wconf 88' lang='lat' dir='ltr'>receperunt.</span> 
     </span>
    </p>
   </div>
   <div class='ocr_carea' id='block_1_15' title="bbox 0 0 2215 6364">
    <p class='ocr_par' dir='ltr' id='par_1_15' title="bbox 0 0 2215 6364">
     <span class='ocr_line' id='line_1_42' title="bbox 0 0 2215 6364; baseline 0 0"><span class='ocrx_word' id='word_1_386' title='bbox 0 0 2215 6364; x_wconf 95' lang='lat' dir='ltr'> </span> 
     </span>
    </p>
   </div>
  </div>
 </body>
</html>
