4458 6356
419 572 462 650 36
927 571 1022 621 ACTA
1042 570 1206 622 CAPITULI
1222 567 1481 622 POZNANIENSIS

416 782 492 845 dicti
516 783 570 844 dni
594 781 745 845 Clemens
766 792 803 868 ¹et
828 781 868 843 N.
893 793 1031 845 caveant
1053 783 1229 864 capitulum
1252 783 1387 845 reddere
1411 783 1600 864 indempnes
1625 793 1657 846 et
1686 783 1773 846 litem
1798 783 1971 846 defendere

415 891 516 952 eciam
541 910 601 971 pro
625 890 767 971 capitulo
792 890 932 970 propriis
955 889 1142 970 impendiis,
1167 889 1274 971 fatigis
1298 902 1331 952 et
1354 891 1518 971 expensis,

626 1081 668 1144 A.
698 1095 798 1164 1435,
819 1082 892 1162 Julii
914 1101 949 1162 4,
974 1084 1005 1145 in
1029 1083 1173 1163 capitulo
1198 1083 1350 1165 generali.

525 1221 668 1306 173.(1.
696 1224 778 1306 157).
810 1225 860 1287 De
885 1225 1000 1288 salario
1024 1226 1189 1306 organiste
1215 1261 1255 1270 -—
1281 1225 1342 1287 Die
1366 1225 1501 1290 Lune..
1526 1227 1696 1288 memorati
1722 1226 1777 1287 dni
1800 1225 1915 1307 prelati
1939 1235 1972 1289 et

415 1333 601 1394 canonici..
633 1333 745 1394 habito
769 1342 909 1395 tractatu
934 1334 1096 1394 communi
1120 1333 1161 1394 de
1185 1333 1315 1413 organis
1347 1343 1379 1394 et
1411 1333 1526 1395 salario
1559 1333 1724 1414 organiste
1760 1333 1970 1413 requisierunt

415 1461 433 1501 a
458 1439 608 1503 fratribus
632 1441 811 1502 senioribus
835 1442 867 1501 in
892 1440 1034 1521 capitulo
1054 1439 1221 1502 videlicet:
1246 1439 1318 1502 dnis
1341 1439 1479 1502 Nicolao
1504 1441 1543 1503 de
1568 1438 1678 1502 Gorka
1702 1439 1903 1512 cancellario
1923 1440 1970 1520 Ja-

416 1547 560 1609 schkone
584 1546 708 1609 decano
732 1545 873 1620 Gnezn.,
898 1567 993 1628 mgro
1016 1545 1269 1620 Strzeschkone,
1294 1547 1432 1609 Nicolao
1449 1545 1635 1608 Lanthman
1653 1557 1686 1610 et
1702 1545 1839 1608 Nicolao
1856 1545 1972 1610 Czoth·
2030 1565 2032 1568 ’

370 1681 372 1685 ’
417 1674 519 1734 czany
543 1655 706 1716 canonicis
730 1655 881 1724 ecclesie,
912 1664 947 1716 ut
972 1675 1028 1716 eos
1052 1653 1262 1716 informarent
1294 1654 1335 1716 de
1365 1655 1517 1728 veritate,
1553 1673 1651 1734 quam
1675 1655 1793 1715 scirent
1818 1653 1858 1715 de
1882 1653 1970 1715 dicto

415 1761 530 1824 salario
547 1761 724 1842 organiste‚
742 1781 913 1842 perquem
931 1770 963 1822 et
980 1759 1066 1822 unde
1083 1761 1268 1823 solvebatur
1284 1762 1326 1823 ab
1343 1761 1488 1842 antiqu0,
1507 1759 1583 1844 [qui]
1599 1771 1860 1842 recognoverunt
1877 1761 1919 1822 ita
1936 1781 1971 1822 se

416 1869 586 1932 memorari
608 1878 639 1930 et
665 1869 809 1930 novisse:
839 1867 1000 1950 quendam
1033 1867 1132 1929 dnum
1166 1868 1338 1931 Henricum
1364 1869 1524 1932 notarium
1556 1870 1587 1930 in
1619 1869 1754 1930 ecclesia
1777 1868 1914 1930 Poznan.
1938 1877 1972 1930 et

415 1976 629 2057 organistam,
654 1975 713 2037 sub
739 1977 826 2036 cuius
850 1985 997 2055 tempore
1021 1974 1103 2036 dnus
1127 1973 1285 2038 Albertus
1312 1976 1582 2056 lastrzambyecz,
1607 1987 1683 2038 tunc
1708 1975 1798 2056 Epus
1821 1975 1970 2048 Pozuan„

415 2093 558 2146 tractans
582 2101 653 2143 cum
687 2081 829 2162 capitulo
863 2102 921 2144 suo
952 2080 1091 2144 Poznan.
1117 2081 1157 2143 de
1180 2081 1414 2146 reformacione
1446 2103 1642 2164 organorum
1676 2082 1707 2144 in
1738 2082 1874 2144 ecclesia
1896 2101 1972 2144 con-

416 2189 508 2251 duxit
543 2189 705 2270 quendam
737 2188 926 2269 Troyanum
960 2187 1115 2250 artificem
1147 2207 1207 2269 pro
1239 2187 1390 2251 iaciendis
1419 2191 1512 2252 novis
1542 2189 1689 2271 organis,
1725 2209 1787 2270 que
1811 2199 1844 2252 et
1867 2187 1972 2250 iacere

416 2307 548 2376 ceperat
572 2306 604 2359 et
629 2316 689 2376 pro
713 2295 861 2358 mercede
885 2295 1005 2358 laboris
1037 2293 1163 2358 LXXX
1194 2315 1318 2357 marcas
1350 2293 1469 2358 habere
1500 2295 1612 2358 debuit
1643 2316 1715 2358 curn
1745 2297 1841 2358 certis
1872 2295 1970 2370 lardo,

416 2402 515 2464 farina
539 2413 572 2464 et
597 2401 830 2484 leguminibus,
865 2401 922 2465 sed
954 2401 1038 2464 idern
1070 2401 1186 2463 artifex
1210 2421 1276 2462 non
1299 2403 1466 2482 completo
1490 2401 1601 2465 labore
1634 2401 1804 2465 defunctus
1836 2413 1903 2476 est,
1939 2412 1971 2464 et

416 2509 520 2572 dictus
544 2510 627 2572 dnus
651 2509 808 2572 Albertus
832 2509 922 2590 Epus
946 2509 1161 2589 sequestravit
1184 2531 1203 2570 a
1227 2509 1353 2590 prefato
1378 2509 1520 2571 Henrico
1544 2511 1710 2592 organista
1734 2509 1890 2572 decimam
1914 2529 1970 2571 seu

416 2615 590 2678 maldratas
615 2615 644 2676 in
670 2615 883 2696 Dunynowo‚
919 2637 982 2698 que
1012 2615 1054 2677 ab
1077 2619 1210 2698 antiquo
1242 2637 1302 2698 pro
1332 2617 1446 2680 salario
1472 2618 1637 2698 organiste
1662 2617 1719 2680 fuit
1743 2617 1915 2697 deputata;
1939 2625 1972 2678 et

331 2717 332 2720 '
415 2721 547 2785 volebat
571 2724 641 2802 ipse
664 2723 773 2802 Epus,
803 2723 890 2804 quod
915 2723 1057 2798 interim,
1089 2725 1192 2787 donec
1218 2725 1309 2786 labor
1333 2743 1529 2806 organorum
1553 2723 1643 2786 fieret
1666 2735 1700 2786 et
1723 2707 1859 2786 ecclesia
1882 2743 1971 2804 orga-

416 2829 500 2892 nista
525 2838 663 2903 careret,
687 2828 812 2891 decima
835 2830 906 2910 ipsa
929 2831 1098 2893 accederet
1122 2841 1154 2894 et
1180 2841 1422 2893 converteretur
1442 2831 1474 2892 in
1491 2828 1689 2893 solucionem
1715 2831 1871 2894 mercedis
1896 2830 1971 2892 dicti

415 2933 543 2998 artificis
567 2955 780 3018 organorum,
805 2946 837 2999 et
861 2957 904 2998 ex
926 2935 981 2998 illo
1004 2946 1081 3000 tunc
1106 2937 1244 3000 cessavit
1268 2957 1340 3000 eam
1363 2939 1505 3018 recipere
1529 2939 1704 3020 organista.

634 3128 676 3192 A.
706 3143 804 3210 1435,
829 3129 897 3208 Julii
924 3145 950 3210 5,
975 3131 1006 3192 in
1031 3131 1172 3211 capitulo
1197 3131 1350 3213 generali.

528 3265 613 3336 174.
640 3271 676 3352 (l.
705 3273 784 3352 158).
808 3270 889 3332 Item
915 3269 1033 3332 ibidem
1057 3273 1226 3334 memorati
1249 3273 1303 3334 dni
1327 3273 1442 3354 prelati
1466 3284 1498 3336 et
1514 3273 1662 3335 canonici
1678 3293 1784 3335 vener.
1801 3283 1834 3336 et
1857 3271 1971 3336 honor.

416 3379 504 3440 viros
536 3378 619 3439 dnos
651 3377 806 3440 Mathiam
838 3378 929 3458 Drya
961 3377 1135 3451 decanum,
1171 3399 1298 3461 mgrum
1327 3379 1599 3443 Strzeschkonem
1628 3390 1661 3442 et
1692 3379 1901 3442 Luthkonem
1932 3379 1973 3442 de

418 3486 552 3547 Brzesze
575 3484 750 3546 canonicos
773 3484 814 3546 ad
838 3487 1177 3549 convencionem
1209 3507 1321 3549 versus
1351 3486 1375 3548 P
1384 3488 1652 3568 yotrcoviam
1677 3489 1777 3549 ituros
1801 3487 1972 3566 deputave-

416 3601 499 3664 runt,
524 3591 744 3664 decernentes,
768 3591 855 3671 quod
878 3592 1151 3672 quemadmodum
1175 3593 1228 3655 dni
1253 3595 1293 3656 de
1316 3594 1458 3675 capitulo
1475 3593 1598 3656 Gnezn.
1617 3614 1775 3675 personas
1792 3593 1832 3654 de
1849 3594 1972 3674 gremio

417 3697 549 3760 fratrum
574 3700 703 3760 nomine
727 3699 870 3779 ipsorum
895 3699 1079 3760 addictam
1104 3702 1358 3762 convencionem
1383 3704 1483 3763 ituros
1508 3703 1538 3762 in
1563 3703 1716 3781 expensis
1740 3701 1876 3762 reddent
1900 3719 1973 3762 con·

418 3805 558 3878 solat05,
582 3807 626 3868 ita
650 3807 751 3868 eciam
775 3806 879 3868 dictos
903 3806 985 3868 dnos
1010 3805 1165 3868 Mathiam
1189 3807 1281 3890 Drya
1312 3809 1486 3882 decanum,
1511 3828 1637 3890 mgrum
1668 3807 1916 3870 Strzeszkonem
1939 3816 1972 3869 et

417 3911 625 3974 Luthkonem
649 3914 824 3975 canonicos
848 3913 998 3976 dixerunt
1021 3913 1154 3975 reddere
1178 3925 1362 3978 contentos.

528 4016 612 4084 175.
638 4019 740 4103 (lbid.)
763 4021 842 4082 Item
868 4020 985 4082 ibidem
1009 4020 1121 4083 honor.
1146 4022 1244 4082 dnum
1269 4022 1425 4084 Mathiam
1449 4023 1490 4085 de
1507 4022 1671 4084 Tarnowo
1695 4043 1810 4085 canon.
1835 4021 1972 4084 Poznan.

417 4129 449 4190 in
473 4148 600 4210 mgrum
625 4126 743 4190 fabrice
767 4129 1025 4213 deputaverunt,
1061 4129 1115 4209 qui
1139 4128 1222 4190 dnus
1246 4129 1386 4191 Mathias
1410 4131 1515 4210 primo
1540 4140 1573 4192 et
1604 4130 1822 4210 principaliter
1854 4128 1973 4191 libra·

417 4237 518 4297 riam
551 4237 580 4296 in
606 4235 701 4296 finem
726 4237 848 4297 bonum
873 4237 1045 4298 terminare
1069 4235 1184 4308 debet,
1210 4236 1436 4310 decernenteS‚
1469 4237 1557 4317 quod
1581 4257 1690 4300 vener.
1715 4237 1798 4299 dnus
1822 4236 1974 4298 Clemens

417 4342 606 4405 scolasticus
630 4342 719 4404 dabit
743 4343 774 4404 X
797 4363 922 4405 marcas
953 4353 1008 4404 aut
1040 4353 1195 4423 quantum
1227 4341 1347 4410 habere
1379 4343 1498 4423 poterit
1530 4363 1590 4423 pro
1621 4343 1740 4405 fabrica
1768 4342 1903 4404 ecclesie
1935 4363 1973 4403 ac

418 4449 503 4512 dicta
527 4449 654 4511 libraria
677 4448 814 4512 finienda
838 4470 899 4530 pro
930 4449 990 4512 hac
1021 4451 1106 4530 vice,
1138 4469 1234 4530 quam
1267 4449 1425 4512 librariam
1449 4450 1611 4530 reparabit
1642 4470 1715 4512 cum
1739 4449 1805 4511 dno
1825 4448 1973 4530 Johanne

418 4556 569 4619 Furman.

631 4696 675 4761 A.
705 4713 796 4778 1435,
818 4699 890 4779 Julii
914 4699 943 4773 6,
968 4700 1000 4760 in
1024 4697 1168 4779 capitulo
1191 4698 1340 4780 generali.

528 4834 612 4903 176.
639 4839 673 4916 (l.
702 4839 800 4922 159⁰).
826 4841 908 4903 Item
931 4841 1050 4902 ibidem
1075 4841 1246 4922 prescripti
1270 4839 1323 4902 dni
1347 4840 1462 4921 prelati
1486 4851 1519 4904 et
1542 4841 1686 4902 canonici
1710 4859 1818 4902 vener.
1844 4858 1973 4920 mgrum

417 4945 688 5009 Strzeschkonem
712 4948 752 5008 ad
777 4947 1125 5029 comportandum
1150 4949 1288 5009 omnia
1311 4957 1477 5011 statuta
1501 4968 1560 5029 per
1583 4946 1757 5028 capitulum
1775 4947 1806 5008 in
1822 4946 1971 5027 capitulis

418 5054 622 5136 generalibus
646 5064 679 5118 et
703 5065 796 5117 extra
819 5055 950 5118 condita
974 5055 1220 5136 deputaverunt.

632 5231 676 5294 A.
706 5245 804 5312 1435,
828 5229 971 5314 Augusti
995 5233 1024 5305 6,
1048 5231 1081 5292 in
1104 5230 1256 5312 capitulo.

528 5368 613 5437 177.
639 5372 670 5454 (Ι.
699 5372 786 5452 160⁰)
819 5372 858 5434 D.
893 5371 1023 5435 Saturni
1046 5373 1079 5436 V
1102 5372 1137 5454 (s)
1161 5372 1304 5455 Augusti
1339 5373 1394 5435 dni
1426 5371 1550 5456 [prelati
1581 5383 1613 5436 et
1644 5371 1842 5456 canonicil..
1875 5371 1973 5435 dnum

418 5479 458 5542 N.
484 5479 743 5542 archidiaconum
767 5499 880 5542 versus
904 5479 1147 5542 Lanciciam
1172 5480 1212 5542 ad
1236 5483 1574 5544 convencionem
1592 5479 1710 5544 iturum
1727 5480 1972 5562 deputaverunt,

418 5589 468 5650 cui
492 5587 569 5652 VllI
591 5607 715 5652 marcas
738 5608 798 5673 pro
824 5587 977 5673 expensis
1001 5587 1123 5652 dandas
1148 5587 1369 5652 decreverunt.
