4416 6366
822 577 1003 628 aunonuu
1023 574 1207 632 true-rtet.
1744 593 1801 658 155

249 668 962 679 n-——--—--—·--—---·--—-———.——
1305 667 1526 678 —.-.-.-..·-..--
1545 670 1669 676 -...----
1686 671 1702 676 ,-
1722 669 1796 679 -..-..

247 810 359 854 moreo
394 801 428 852 et
462 789 603 871 desuper
637 811 713 852 ereo
750 800 801 854 est
835 789 1028 865 tumulatus,
1059 792 1091 852 in
1124 810 1205 872 pace
1237 791 1424 872 requiescit,
1456 791 1545 852 cuius
1575 791 1716 853 animam
1748 790 1804 853 lux

247 907 360 962 eterna
384 897 561 978 possideat.

459 1091 503 1155 A.
533 1109 632 1170 1494,
656 1091 735 1154 Iunii
761 1109 810 1172 30,
835 1093 866 1154 in
889 1090 1034 1174 capitulo
1060 1089 1215 1174 generali.

354 1231 442 1300 844.
466 1233 521 1316 (V.
549 1234 607 1316 57).
644 1232 892 1330 Capitulum⁴
913 1233 1116 1314 generale
1140 1253 1200 1312 pro
1225 1232 1309 1296 sesto
1334 1233 1365 1297 b.
1389 1235 1474 1296 Pern‘
1499 1245 1532 1298 et
1556 1235 1643 1299 Pauli
1668 1249 1803 1318 aposto·

247 1342 350 1414 lorum
374 1343 415 1405 de
438 1363 524 1406 anno
559 1343 624 1404 Dni
655 1360 738 1421 1494
837 1341 941 1404 Rmus
965 1389 991 1402 ..
1016 1340 1098 1402 dnus
1123 1339 1212 1402 Uriel
1237 1339 1266 1401 d.
1290 1361 1321 1422 g.
1347 1341 1439 1421 Epus
1463 1342 1616 1418 Poznan.,
1642 1343 1803 1410 Iohannes

246 1450 287 1512 de
311 1449 460 1513 Lukowo
483 1450 641 1524 decanuS,
666 1449 821 1512 Nicolaus
846 1447 1002 1511 Cothvicz
1018 1447 1224 1509 decretorum
1248 1448 1364 1510 doctor
1387 1448 1632 1514 archidssaconus
1656 1453 1804 1528 Poznan.,

246 1555 401 1620 Nicolaus
436 1557 477 1620 de
508 1556 628 1620 Scudla
663 1557 869 1620 decretorum
904 1555 1020 1616 doctor
1050 1552 1263 1628 Srzemensis,
1299 1555 1492 1620 Vincentius
1526 1559 1566 1620 de
1602 1557 1805 1624 Strzallrowo

246 1665 437 1728 Pczevensis
459 1667 492 1728 in
516 1665 654 1727 ecclesia
677 1663 814 1727 Poznan.
839 1661 1073 1734 archidiaconi,
1108 1661 1262 1724 Nicolans
1286 1662 1326 1724 de
1351 1663 1566 1744 Mnyschewo
1597 1667 1804 1732 decretorum

247 1772 365 1834 doctor
387 1772 631 1835 archidiaconus
657 1771 928 1844 Warszoviensis,
963 1769 1142 1834 Anzelmus
1174 1771 1214 1832 de
1239 1769 1388 1832 Lukowo
1424 1783 1553 1846 cantor,
1588 1773 1740 1839 Andreas
1764 1777 1805 1840 de

248 1878 443 1960 Rogalyno,
484 1880 638 1942 Nicolaus
662 1879 702 1940 de
727 1877 844 1952 Czacz,
879 1877 1076 1940 Wladislaus
1111 1879 1151 1940 de
1175 1876 1409 1941 Glamboczecz
1444 1879 1648 1944 decretorum
1680 1882 1804 1959 doctor,

246 1985 359 2048 Petrus
383 1986 610 2068 Rambynsky,
645 1986 804 2048 Martinus
828 1985 869 2047 de
893 1985 1103 2056 Dambrowa‚
1139 1985 1277 2048 Iacobus
1309 1983 1544 2068 Glupyewslry,
1579 1987 1804 2070 Sigismundus

245 2092 286 2155 de
310 2093 554 2175 Camyenyecz,
585 2093 737 2156 Andreas
761 2091 803 2156 de
828 2092 958 2164 Czesle,
995 2092 1189 2156 Laurentius
1225 2091 1446 2174 Grodziczsky
1479 2096 1596 2158 doctor
1619 2099 1651 2158 in
1675 2099 1803 2162 medici-

245 2201 310 2274 nis,
346 2201 483 2264 lacobus'
507 2201 547 2264 de
571 2201 712 2262 Boxicza
736 2201 942 2263 decretorum
975 2200 1108 2270 doctor,
1144 2199 1306 2264 Iohannes
1330 2201 1609 2284 Brzosthkowsky
1634 2216 1666 2267 et
1690 2205 1804 2269 Iohan-

246 2328 304 2369 nes
327 2305 447 2370 Gorski
481 2308 596 2390 prelati
619 2319 653 2370 et
677 2307 822 2370 canonici
847 2356 878 2370 ..
904 2325 963 2388 pro
996 2306 1139 2388 capitulo
1174 2308 1317 2388 generali
1353 2307 1550 2371 celebrando
1584 2313 1804 2392 capitulariter

245 2417 447 2496 congregati.

353 2553 439 2622 845.
464 2557 516 2640 (V.
536 2572 550 2637 5
556 2558 613 2638 7⁰).
639 2556 762 2620 Ibidem
779 2558 845 2620 dno
861 2557 981 2620 lacobo
998 2557 1038 2620 de
1054 2557 1195 2620 B'oxicza
1212 2557 1370 2619 canonico
1386 2557 1571 2622 absenciam
1588 2569 1622 2624 et
1638 2560 1802 2626 licenciam

245 2683 288 2724 ex
312 2683 409 2726 causa
432 2665 576 2747 legitima
600 2675 633 2728 et
649 2666 800 2736 maxime,
825 2667 900 2747 quia
923 2665 1012 2727 vadit
1036 2666 1069 2727 in
1092 2665 1179 2728 facto
1207 2665 1369 2728 sinodi
1393 2666 1434 2728 ad
1457 2665 1579 2729 Rmum
1603 2668 1701 2730 dnum
1727 2667 1802 2733 Car·

244 2771 384 2834 dinalem
410 2784 443 2836 et
466 2773 652 2854 archiepum
677 2771 810 2844 Gnezn.,
841 2771 1026 2854 acapitulo
1057 2773 1200 2854 generali
1231 2775 1381 2854 proxime
1411 2783 1444 2836 et
1476 2794 1605 2837 exnunc
1637 2775 1802 2840 celebrato

243 2891 487 2943 concesserunt.

458 3073 500 3136 A.
530 3093 628 3153 1494,
654 3074 722 3136 lulii
752 3091 775 3146 1,
801 3075 832 3135 in
857 3072 1000 3154 capitulo
1024 3073 1176 3154 generali.

353 3211 440 3280 846.
465 3217 517 3298 (V.
545 3217 654 3296 57⁰)..
682 3215 826 3278 Durante
850 3215 993 3296 capitulo
1017 3215 1159 3296 generali
1185 3213 1242 3277 fuit
1266 3216 1426 3278 maximus
1450 3227 1608 3280 tractatus
1634 3217 1675 3279 de
1699 3219 1804 3281 modis

244 3322 428 3402 corrigendi
453 3324 667 3404 quorumdam
691 3322 828 3384 dnorum
860 3321 994 3385 Abrahe
1019 3319 1164 3402 Stansky
1188 3323 1345 3394 custodis,
1377 3321 1464 3385 Petri
1488 3323 1528 3385 de
1553 3321 1688 3405 Smygel
1711 3345 1805 3386 cano-

244 3429 305 3490 nici
326 3439 360 3491 et
384 3429 551 3492 cuiusdam
588 3429 795 3510 Lassoczslry
819 3449 857 3491 ac
881 3429 1015 3490 aliorum
1051 3428 1264 3508 plebanorum
1288 3431 1319 3490 in
1344 3430 1464 3492 diocesi
1500 3429 1639 3492 Poznan.
1664 3431 1802 3494 existen·

244 3535 339 3610 tium,
376 3546 411 3599 ut
434 3537 639 3619 corrigantur
670 3545 702 3598 et
733 3535 774 3598 ad
806 3535 981 3618 capitulum
1016 3535 1169 3617 generale
1192 3556 1252 3618 pro
1275 3535 1360 3598 sesto
1383 3536 1414 3598 b.
1438 3536 1568 3600 Martini
1603 3557 1695 3620 prox.
1719 3537 1798 3601 cele·

243 3641 402 3705 brandum
425 3653 585 3705 vocentur
608 3653 641 3705 et
665 3643 814 3705 citentur.

460 3836 502 3898 A.
533 3853 632 3914 1494,
657 3836 801 3918 Augusti
826 3837 885 3909 28,
910 3835 941 3896 in
966 3834 1118 3915 capitulo.

352 3975 439 4042 847.
475 3979 528 4058 (V.
554 3979 634 4058 63⁰).
671 3977 854 4059 Deputacio
885 3977 926 4039 ad
958 3979 1225 4040 convencionem.
1249 4014 1292 4022 —-
1318 3977 1379 4040 Die
1411 3977 1537 4040 Iovis..
1571 3979 1625 4041 dni
1649 3980 1799 4054 decanus

244 4085 451 4160 Srzemensis,
465 4085 663 4147 Pczewensis
677 4083 900 4158 archidiaconi,
914 4084 1130 4166 Rogalinsky,
1147 4085 1304 4166 Czaczky,
1322 4083 1517 4167 Czeszelsky
1534 4097 1566 4150 et
1579 4087 1803 4150 Brzosthkow·

244 4193 307 4274 sky
331 4193 372 4254 ad
396 4213 512 4256 sonum
537 4213 695 4273 campane
719 4193 938 4273 capitulariter
962 4193 1155 4273 congregati
1180 4193 1211 4254 in
1236 4193 1368 4254 domum
1400 4192 1454 4254 dni
1486 4191 1631 4254 officialis
1662 4193 1801 4256 Poznan.

243 4311 277 4362 et
301 4301 331 4362 in
356 4299 469 4362 eadem
495 4300 593 4362 domo
618 4299 734 4380 prefati
758 4299 812 4360 dni
837 4300 1076 4380 deputaverunt
1100 4309 1133 4362 et
1157 4301 1395 4363 constituerunt
1418 4299 1501 4361 dnos
1518 4299 1688 4362 Nicolaum
1705 4299 1801 4363 Coth-

243 4407 312 4468 vicz
336 4408 540 4470 decretorum
565 4407 734 4470 doctorem
751 4406 1015 4469 archidiaconum
1032 4405 1172 4468 Poznan.
1190 4417 1223 4468 et
1241 4406 1455 4469 Laurencium
1472 4405 1675 4489 Grodziezlry
1692 4408 1802 4471 docto·

243 4533 311 4576 rem
344 4516 375 4576 in
407 4515 572 4577 medicinis
603 4515 794 4577 canonicum
826 4515 858 4575 in
889 4533 966 4576 suos
997 4523 1225 4595 procuratores
1255 4523 1426 4594 presentes
1451 4525 1484 4577 et
1508 4535 1591 4576 onus
1615 4513 1797 4578 huiusmodi

243 4623 274 4683 in
299 4643 335 4684 se
359 4623 561 4703 recipientes,
586 4623 701 4684 dantes
725 4633 758 4684 et
782 4621 999 4684 concedentes
1023 4621 1101 4702 ipsis
1125 4619 1253 4701 plenum
1278 4621 1464 4684 mandatum
1490 4622 1521 4682 in
1546 4623 1798 4684 convencio-

242 4749 331 4791 nem
366 4741 399 4793 et
430 4731 709 4791 vocacionem
744 4728 1035 4792 Gneznensem
1066 4729 1097 4789 in
1131 4729 1299 4808 presencia
1326 4727 1402 4789 Rmi
1433 4728 1488 4790 dni
1519 4726 1680 4791 Frederici
1712 4728 1742 4790 d.
1765 4751 1797 4810 g.

242 4835 385 4918 archiepi
409 4834 529 4900 Gnezn.
553 4837 809 4917 comparendum
833 4857 871 4899 ac
896 4845 973 4898 vota
998 4847 1031 4898 et
1047 4846 1174 4897 mentes
1191 4836 1327 4896 duorum
1344 4854 1382 4895 ac
1399 4836 1647 4916 oppressiones,
1673 4835 1801 4897 iniurias

241 4953 275 5005 et
299 4945 494 5023 gravamina,
519 4944 635 5024 quibus
658 4943 793 5006 afficitur
816 4943 928 5013 clerus,
953 4943 1187 5024 opponendum
1212 4952 1245 5004 et
1267 4940 1504 5014 declarandum,
1536 4941 1613 5004 alias
1638 4944 1668 5004 in
1692 4941 1795 5004 forma

243 5049 369 5111 meliori
392 5061 426 5112 et
450 5051 600 5114 clausulis
624 5053 817 5133 opportunis
842 5061 874 5113 et
898 5050 984 5124 alias,
1009 5071 1073 5131 que
1095 5049 1283 5111 incumbunt
1299 5048 1547 5129 appellantibus,
1566 5047 1745 5112 faciendum
1769 5060 1803 5112 et

242 5157 524 5238 prosequendum;
549 5157 755 5239 presentibus
778 5157 896 5221 ibidem
921 5167 983 5220 etc.

458 5350 499 5412 A.
530 5369 628 5431 1494,
650 5351 848 5414 Novembris
876 5369 931 5426 12,
956 5351 987 5412 in
1010 5348 1154 5431 capitulo
1178 5349 1331 5432 generali.

350 5489 437 5557 848.
461 5493 514 5574 Ν.
539 5493 617 5573 67⁰).
641 5493 764 5556 ibidem
789 5494 843 5555 dni
867 5493 1079 5556 decreverunt
1110 5512 1300 5574 processum
1332 5492 1525 5556 monicionis
1549 5504 1663 5555 contra
1686 5513 1801 5554 omnes

241 5610 276 5662 et
300 5599 446 5682 singulos
468 5601 613 5683 prelatos
636 5611 669 5666 et
685 5601 859 5662 canonicos
883 5599 1018 5664 ecclesie
1041 5598 1190 5672 Poznan.,
1214 5608 1248 5660 ut
1269 5597 1349 5661 inlra
1372 5609 1557 5681 presentem
1580 5620 1700 5663 annum
1724 5599 1800 5662 inte·
