<?xml version="1.0" encoding="UTF-8"?>
<!DOCTYPE html PUBLIC "-//W3C//DTD XHTML 1.0 Transitional//EN"
    "http://www.w3.org/TR/xhtml1/DTD/xhtml1-transitional.dtd">
<html xmlns="http://www.w3.org/1999/xhtml" xml:lang="en" lang="en">
 <head>
  <title>
</title>
<meta http-equiv="Content-Type" content="text/html;charset=utf-8" />
  <meta name='ocr-system' content='tesseract 3.04.00' />
  <meta name='ocr-capabilities' content='ocr_page ocr_carea ocr_par ocr_line ocrx_word'/>
</head>
<body>
  <div class='ocr_page' id='page_1' title='image "actacapitulorum00czubgoog_0221.png"; bbox 0 0 4390 6368; ppageno 0'>
   <div class='ocr_carea' id='block_1_1' title="bbox 801 607 1776 687">
    <p class='ocr_par' dir='ltr' id='par_1_1' title="bbox 801 607 1776 687">
     <span class='ocr_line' id='line_1_1' title="bbox 801 607 1776 687; baseline 0.017 -31"><span class='ocrx_word' id='word_1_1' title='bbox 801 609 983 658; x_wconf 82' lang='lat' dir='ltr'>nnuonuu</span> <span class='ocrx_word' id='word_1_2' title='bbox 1004 607 1187 662; x_wconf 73' lang='lat' dir='ltr'>rara-rara.</span> <span class='ocrx_word' id='word_1_3' title='bbox 1715 625 1776 687; x_wconf 89' lang='lat'>203</span> 
     </span>
    </p>
   </div>
   <div class='ocr_carea' id='block_1_2' title="bbox 219 819 1849 2399">
    <p class='ocr_par' dir='ltr' id='par_1_2' title="bbox 219 819 1849 1650">
     <span class='ocr_line' id='line_1_2' title="bbox 328 819 1777 904; baseline 0.001 -22"><span class='ocrx_word' id='word_1_4' title='bbox 328 819 366 882; x_wconf 93' lang='lat' dir='ltr'>In</span> <span class='ocrx_word' id='word_1_5' title='bbox 391 821 501 900; x_wconf 84' lang='lat' dir='ltr'>primis</span> <span class='ocrx_word' id='word_1_6' title='bbox 525 821 629 882; x_wconf 89' lang='lat' dir='ltr'>dietus</span> <span class='ocrx_word' id='word_1_7' title='bbox 654 819 794 884; x_wconf 86' lang='lat' dir='ltr'>Mathias</span> <span class='ocrx_word' id='word_1_8' title='bbox 830 821 919 882; x_wconf 90' lang='lat' dir='ltr'>Drab</span> <span class='ocrx_word' id='word_1_9' title='bbox 946 821 1105 902; x_wconf 88' lang='lat' dir='ltr'>prelatum</span> <span class='ocrx_word' id='word_1_10' title='bbox 1136 844 1292 904; x_wconf 86' lang='lat' dir='ltr'>aggerem</span> <span class='ocrx_word' id='word_1_11' title='bbox 1316 823 1413 884; x_wconf 90' lang='lat' dir='ltr'>debet</span> <span class='ocrx_word' id='word_1_12' title='bbox 1438 824 1567 901; x_wconf 89' lang='lat' dir='ltr'>sippare</span> <span class='ocrx_word' id='word_1_13' title='bbox 1592 822 1720 884; x_wconf 86' lang='lat' dir='ltr'>inferius</span> <span class='ocrx_word' id='word_1_14' title='bbox 1746 824 1777 884; x_wconf 92' lang='lat' dir='ltr'>in</span> 
     </span>
     <span class='ocr_line' id='line_1_3' title="bbox 223 927 1779 1010; baseline 0.002 -22"><span class='ocrx_word' id='word_1_15' title='bbox 223 927 283 988; x_wconf 85' lang='lat' dir='ltr'>XL</span> <span class='ocrx_word' id='word_1_16' title='bbox 307 927 423 989; x_wconf 89' lang='lat' dir='ltr'>cubitis</span> <span class='ocrx_word' id='word_1_17' title='bbox 448 948 544 1008; x_wconf 92' lang='lat' dir='ltr'>supra</span> <span class='ocrx_word' id='word_1_18' title='bbox 569 937 705 1008; x_wconf 88' lang='lat' dir='ltr'>pontem</span> <span class='ocrx_word' id='word_1_19' title='bbox 732 928 848 990; x_wconf 89' lang='lat' dir='ltr'>ibidem</span> <span class='ocrx_word' id='word_1_20' title='bbox 874 931 986 1000; x_wconf 88' lang='lat' dir='ltr'>situm,</span> <span class='ocrx_word' id='word_1_21' title='bbox 1023 931 1251 1010; x_wconf 86' lang='lat' dir='ltr'>quemquidem</span> <span class='ocrx_word' id='word_1_22' title='bbox 1287 949 1441 1009; x_wconf 80' lang='lat' dir='ltr'>aggerem</span> <span class='ocrx_word' id='word_1_23' title='bbox 1474 928 1623 989; x_wconf 82' lang='lat' dir='ltr'>claudere</span> <span class='ocrx_word' id='word_1_24' title='bbox 1647 929 1779 991; x_wconf 82' lang='lat' dir='ltr'><strong>debebit</strong></span> 
     </span>
     <span class='ocr_line' id='line_1_4' title="bbox 224 1034 1779 1116; baseline 0.001 -22"><span class='ocrx_word' id='word_1_25' title='bbox 224 1035 370 1114; x_wconf 86' lang='lat' dir='ltr'>superius</span> <span class='ocrx_word' id='word_1_26' title='bbox 394 1037 425 1094; x_wconf 90' lang='lat' dir='ltr'>in</span> <span class='ocrx_word' id='word_1_27' title='bbox 451 1035 649 1096; x_wconf 87' lang='lat' dir='ltr'>latitudinem</span> <span class='ocrx_word' id='word_1_28' title='bbox 675 1034 740 1096; x_wconf 89' lang='lat' dir='ltr'>XX</span> <span class='ocrx_word' id='word_1_29' title='bbox 764 1035 959 1106; x_wconf 90' lang='lat' dir='ltr'>cubitorum,</span> <span class='ocrx_word' id='word_1_30' title='bbox 985 1036 1185 1116; x_wconf 81' lang='lat' dir='ltr'>longitudine</span> <span class='ocrx_word' id='word_1_31' title='bbox 1210 1058 1288 1098; x_wconf 91' lang='lat' dir='ltr'>vero</span> <span class='ocrx_word' id='word_1_32' title='bbox 1312 1058 1329 1096; x_wconf 90' lang='lat' dir='ltr'>a</span> <span class='ocrx_word' id='word_1_33' title='bbox 1355 1055 1447 1096; x_wconf 83' lang='lat' dir='ltr'>muro</span> <span class='ocrx_word' id='word_1_34' title='bbox 1472 1035 1652 1116; x_wconf 90' lang='lat' dir='ltr'>incipiendo</span> <span class='ocrx_word' id='word_1_35' title='bbox 1679 1057 1779 1115; x_wconf 90' lang='lat' dir='ltr'>nsque</span> 
     </span>
     <span class='ocr_line' id='line_1_5' title="bbox 220 1139 1779 1222; baseline 0.001 -20"><span class='ocrx_word' id='word_1_36' title='bbox 220 1141 261 1202; x_wconf 90' lang='lat' dir='ltr'>ad</span> <span class='ocrx_word' id='word_1_37' title='bbox 285 1142 442 1220; x_wconf 91' lang='lat' dir='ltr'>oppidum</span> <span class='ocrx_word' id='word_1_38' title='bbox 479 1139 619 1203; x_wconf 83' lang='lat' dir='ltr'>Ostrow.</span> <span class='ocrx_word' id='word_1_39' title='bbox 643 1139 711 1202; x_wconf 87' lang='lat' dir='ltr'>Sub</span> <span class='ocrx_word' id='word_1_40' title='bbox 735 1161 856 1222; x_wconf 78' lang='lat' dir='ltr'>aggere</span> <span class='ocrx_word' id='word_1_41' title='bbox 881 1153 989 1203; x_wconf 90' lang='lat' dir='ltr'>autem</span> <span class='ocrx_word' id='word_1_42' title='bbox 1013 1145 1072 1203; x_wconf 90' lang='lat' dir='ltr'>tria</span> <span class='ocrx_word' id='word_1_43' title='bbox 1097 1142 1305 1204; x_wconf 81' lang='lat' dir='ltr'>fundamenta</span> <span class='ocrx_word' id='word_1_44' title='bbox 1340 1143 1419 1203; x_wconf 88' lang='lat' dir='ltr'>alias</span> <span class='ocrx_word' id='word_1_45' title='bbox 1451 1141 1568 1220; x_wconf 71' lang='lat' dir='ltr'>crrrnly</span> <span class='ocrx_word' id='word_1_46' title='bbox 1592 1163 1650 1222; x_wconf 91' lang='lat' dir='ltr'>per</span> <span class='ocrx_word' id='word_1_47' title='bbox 1674 1153 1779 1204; x_wconf 90' lang='lat' dir='ltr'>totum</span> 
     </span>
     <span class='ocr_line' id='line_1_6' title="bbox 219 1247 1777 1328; baseline 0.002 -20"><span class='ocrx_word' id='word_1_48' title='bbox 219 1249 361 1308; x_wconf 90' lang='lat' dir='ltr'>laborem</span> <span class='ocrx_word' id='word_1_49' title='bbox 386 1250 495 1320; x_wconf 81' lang='lat' dir='ltr'>eiciet,</span> <span class='ocrx_word' id='word_1_50' title='bbox 521 1248 689 1327; x_wconf 70' lang='lat' dir='ltr'>quodlibet</span> <span class='ocrx_word' id='word_1_51' title='bbox 713 1248 744 1308; x_wconf 93' lang='lat' dir='ltr'>in</span> <span class='ocrx_word' id='word_1_52' title='bbox 771 1247 972 1309; x_wconf 86' lang='lat' dir='ltr'>latitudinem</span> <span class='ocrx_word' id='word_1_53' title='bbox 998 1247 1049 1310; x_wconf 95' lang='lat' dir='ltr'>III</span> <span class='ocrx_word' id='word_1_54' title='bbox 1073 1251 1252 1311; x_wconf 90' lang='lat' dir='ltr'>cubitorum</span> <span class='ocrx_word' id='word_1_55' title='bbox 1279 1260 1311 1311; x_wconf 91' lang='lat' dir='ltr'>et</span> <span class='ocrx_word' id='word_1_56' title='bbox 1336 1249 1375 1308; x_wconf 89' lang='lat' dir='ltr'>ad</span> <span class='ocrx_word' id='word_1_57' title='bbox 1395 1247 1656 1328; x_wconf 77' lang='lat' dir='ltr'>profunditatem,</span> <span class='ocrx_word' id='word_1_58' title='bbox 1681 1259 1777 1328; x_wconf 90' lang='lat' dir='ltr'>prout</span> 
     </span>
     <span class='ocr_line' id='line_1_7' title="bbox 220 1354 1849 1436; baseline 0.001 -20"><span class='ocrx_word' id='word_1_59' title='bbox 220 1365 304 1416; x_wconf 86' lang='lat' dir='ltr'>terra</span> <span class='ocrx_word' id='word_1_60' title='bbox 329 1354 577 1417; x_wconf 84' lang='lat' dir='ltr'>luridamentalis</span> <span class='ocrx_word' id='word_1_61' title='bbox 602 1365 769 1433; x_wconf 76' lang='lat' dir='ltr'>exposcet,</span> <span class='ocrx_word' id='word_1_62' title='bbox 794 1355 914 1416; x_wconf 90' lang='lat' dir='ltr'>etdnis</span> <span class='ocrx_word' id='word_1_63' title='bbox 943 1357 988 1416; x_wconf 93' lang='lat' dir='ltr'>uti</span> <span class='ocrx_word' id='word_1_64' title='bbox 1014 1356 1126 1416; x_wconf 85' lang='lat' dir='ltr'>melius</span> <span class='ocrx_word' id='word_1_65' title='bbox 1151 1356 1321 1432; x_wconf 88' lang='lat' dir='ltr'>videbitur;</span> <span class='ocrx_word' id='word_1_66' title='bbox 1355 1375 1415 1434; x_wconf 94' lang='lat' dir='ltr'>pro</span> <span class='ocrx_word' id='word_1_67' title='bbox 1439 1355 1635 1436; x_wconf 90' lang='lat' dir='ltr'>quoquidem</span> <span class='ocrx_word' id='word_1_68' title='bbox 1659 1376 1779 1436; x_wconf 86' lang='lat' dir='ltr'>aggere</span> <span class='ocrx_word' id='word_1_69' title='bbox 1847 1418 1849 1424; x_wconf 83' lang='grc'>,</span> 
     </span>
     <span class='ocr_line' id='line_1_8' title="bbox 221 1461 1778 1542; baseline 0.002 -21"><span class='ocrx_word' id='word_1_70' title='bbox 221 1463 422 1540; x_wconf 90' lang='lat' dir='ltr'>consipando</span> <span class='ocrx_word' id='word_1_71' title='bbox 447 1462 501 1522; x_wconf 93' lang='lat' dir='ltr'>dni</span> <span class='ocrx_word' id='word_1_72' title='bbox 525 1462 628 1524; x_wconf 90' lang='lat' dir='ltr'>eidem</span> <span class='ocrx_word' id='word_1_73' title='bbox 654 1461 776 1522; x_wconf 85' lang='lat' dir='ltr'>Mathie</span> <span class='ocrx_word' id='word_1_74' title='bbox 794 1461 882 1522; x_wconf 92' lang='lat' dir='ltr'>Drab</span> <span class='ocrx_word' id='word_1_75' title='bbox 907 1462 1031 1522; x_wconf 90' lang='lat' dir='ltr'>dabunt</span> <span class='ocrx_word' id='word_1_76' title='bbox 1055 1463 1160 1523; x_wconf 91' lang='lat' dir='ltr'>rotula</span> <span class='ocrx_word' id='word_1_77' title='bbox 1184 1464 1261 1524; x_wconf 87' lang='lat' dir='ltr'>alias</span> <span class='ocrx_word' id='word_1_78' title='bbox 1285 1462 1398 1540; x_wconf 66' lang='lat' dir='ltr'>tinel’y</span> <span class='ocrx_word' id='word_1_79' title='bbox 1421 1473 1453 1524; x_wconf 88' lang='lat' dir='ltr'>et</span> <span class='ocrx_word' id='word_1_80' title='bbox 1479 1463 1549 1541; x_wconf 90' lang='lat' dir='ltr'>ipse</span> <span class='ocrx_word' id='word_1_81' title='bbox 1574 1463 1676 1542; x_wconf 82' lang='lat' dir='ltr'>bigas,</span> <span class='ocrx_word' id='word_1_82' title='bbox 1700 1463 1778 1524; x_wconf 91' lang='lat' dir='ltr'>alias</span> 
     </span>
     <span class='ocr_line' id='line_1_9' title="bbox 221 1568 1618 1650; baseline 0.001 -21"><span class='ocrx_word' id='word_1_83' title='bbox 221 1591 304 1646; x_wconf 65' lang='grc'>111111,</span> <span class='ocrx_word' id='word_1_84' title='bbox 330 1589 465 1630; x_wconf 89' lang='lat' dir='ltr'>unacum</span> <span class='ocrx_word' id='word_1_85' title='bbox 491 1570 581 1650; x_wconf 88' lang='lat' dir='ltr'>equis</span> <span class='ocrx_word' id='word_1_86' title='bbox 606 1570 744 1648; x_wconf 90' lang='lat' dir='ltr'>propriis</span> <span class='ocrx_word' id='word_1_87' title='bbox 767 1568 900 1630; x_wconf 83' lang='lat' dir='ltr'>habebit</span> <span class='ocrx_word' id='word_1_88' title='bbox 923 1577 955 1630; x_wconf 91' lang='lat' dir='ltr'>et</span> <span class='ocrx_word' id='word_1_89' title='bbox 980 1571 1182 1647; x_wconf 77' lang='lat' dir='ltr'>comparabit</span> <span class='ocrx_word' id='word_1_90' title='bbox 1207 1590 1266 1650; x_wconf 93' lang='lat' dir='ltr'>pro</span> <span class='ocrx_word' id='word_1_91' title='bbox 1291 1579 1374 1631; x_wconf 91' lang='lat' dir='ltr'>terra</span> <span class='ocrx_word' id='word_1_92' title='bbox 1399 1569 1618 1630; x_wconf 89' lang='lat' dir='ltr'>conducenda.</span> 
     </span>
    </p>

    <p class='ocr_par' dir='ltr' id='par_1_3' title="bbox 221 1675 1780 2399">
     <span class='ocr_line' id='line_1_10' title="bbox 329 1675 1778 1757; baseline -0.001 -19"><span class='ocrx_word' id='word_1_93' title='bbox 329 1675 412 1738; x_wconf 87' lang='lat' dir='ltr'>Item</span> <span class='ocrx_word' id='word_1_94' title='bbox 438 1677 520 1736; x_wconf 89' lang='lat' dir='ltr'>idem</span> <span class='ocrx_word' id='word_1_95' title='bbox 546 1675 685 1738; x_wconf 87' lang='lat' dir='ltr'>Mathias</span> <span class='ocrx_word' id='word_1_96' title='bbox 722 1675 809 1736; x_wconf 90' lang='lat' dir='ltr'>Drab</span> <span class='ocrx_word' id='word_1_97' title='bbox 835 1676 954 1738; x_wconf 88' lang='lat' dir='ltr'>dictum</span> <span class='ocrx_word' id='word_1_98' title='bbox 985 1697 1140 1757; x_wconf 82' lang='lat' dir='ltr'>aggerem</span> <span class='ocrx_word' id='word_1_99' title='bbox 1176 1677 1274 1738; x_wconf 81' lang='lat' dir='ltr'>(lebet</span> <span class='ocrx_word' id='word_1_100' title='bbox 1306 1698 1348 1738; x_wconf 79' lang='lat' dir='ltr'>ex</span> <span class='ocrx_word' id='word_1_101' title='bbox 1373 1687 1506 1756; x_wconf 91' lang='lat' dir='ltr'>utraque</span> <span class='ocrx_word' id='word_1_102' title='bbox 1532 1686 1623 1756; x_wconf 90' lang='lat' dir='ltr'>parte</span> <span class='ocrx_word' id='word_1_103' title='bbox 1646 1677 1778 1738; x_wconf 91' lang='lat' dir='ltr'>circum-</span> 
     </span>
     <span class='ocr_line' id='line_1_11' title="bbox 221 1783 1777 1864; baseline -0.001 -19"><span class='ocrx_word' id='word_1_104' title='bbox 221 1805 341 1864; x_wconf 87' lang='lat' dir='ltr'>ponere</span> <span class='ocrx_word' id='word_1_105' title='bbox 365 1795 398 1845; x_wconf 90' lang='lat' dir='ltr'>et</span> <span class='ocrx_word' id='word_1_106' title='bbox 423 1783 549 1845; x_wconf 88' lang='lat' dir='ltr'>firmare</span> <span class='ocrx_word' id='word_1_107' title='bbox 574 1784 745 1844; x_wconf 86' lang='lat' dir='ltr'>roboribus</span> <span class='ocrx_word' id='word_1_108' title='bbox 769 1795 801 1844; x_wconf 91' lang='lat' dir='ltr'>et</span> <span class='ocrx_word' id='word_1_109' title='bbox 826 1785 906 1864; x_wconf 89' lang='lat' dir='ltr'>palis</span> <span class='ocrx_word' id='word_1_110' title='bbox 930 1783 1185 1857; x_wconf 77' lang='grc'>1111111111111111,</span> <span class='ocrx_word' id='word_1_111' title='bbox 1211 1795 1306 1864; x_wconf 90' lang='lat' dir='ltr'>prout</span> <span class='ocrx_word' id='word_1_112' title='bbox 1331 1794 1550 1864; x_wconf 87' lang='lat' dir='ltr'>opportunum</span> <span class='ocrx_word' id='word_1_113' title='bbox 1576 1785 1635 1846; x_wconf 91' lang='lat' dir='ltr'>erit</span> <span class='ocrx_word' id='word_1_114' title='bbox 1659 1793 1691 1845; x_wconf 91' lang='lat' dir='ltr'>et</span> <span class='ocrx_word' id='word_1_115' title='bbox 1716 1804 1777 1845; x_wconf 89' lang='lat' dir='ltr'>me-</span> 
     </span>
     <span class='ocr_line' id='line_1_12' title="bbox 222 1889 1779 1969; baseline -0.001 -17"><span class='ocrx_word' id='word_1_116' title='bbox 222 1891 280 1954; x_wconf 93' lang='lat' dir='ltr'>lius</span> <span class='ocrx_word' id='word_1_117' title='bbox 303 1891 476 1968; x_wconf 89' lang='lat' dir='ltr'>videbitur;</span> <span class='ocrx_word' id='word_1_118' title='bbox 501 1903 533 1953; x_wconf 90' lang='lat' dir='ltr'>et</span> <span class='ocrx_word' id='word_1_119' title='bbox 554 1891 608 1952; x_wconf 92' lang='lat' dir='ltr'>dni</span> <span class='ocrx_word' id='word_1_120' title='bbox 633 1889 738 1950; x_wconf 87' lang='lat' dir='ltr'>solum</span> <span class='ocrx_word' id='word_1_121' title='bbox 764 1891 879 1954; x_wconf 89' lang='lat' dir='ltr'>robora</span> <span class='ocrx_word' id='word_1_122' title='bbox 907 1892 1089 1952; x_wconf 87' lang='lat' dir='ltr'>necessaria</span> <span class='ocrx_word' id='word_1_123' title='bbox 1114 1893 1174 1954; x_wconf 87' lang='lat' dir='ltr'>sibi</span> <span class='ocrx_word' id='word_1_124' title='bbox 1199 1893 1426 1952; x_wconf 85' lang='lat' dir='ltr'>ministrabunt</span> <span class='ocrx_word' id='word_1_125' title='bbox 1451 1903 1482 1953; x_wconf 92' lang='lat' dir='ltr'>et</span> <span class='ocrx_word' id='word_1_126' title='bbox 1507 1891 1638 1952; x_wconf 89' lang='lat' dir='ltr'>dabunt.</span> <span class='ocrx_word' id='word_1_127' title='bbox 1664 1889 1779 1969; x_wconf 83' lang='lat' dir='ltr'>Quem·</span> 
     </span>
     <span class='ocr_line' id='line_1_13' title="bbox 221 1995 1779 2078; baseline -0.001 -19"><span class='ocrx_word' id='word_1_128' title='bbox 221 1999 349 2078; x_wconf 87' lang='lat' dir='ltr'>quidem</span> <span class='ocrx_word' id='word_1_129' title='bbox 373 2019 526 2078; x_wconf 83' lang='lat' dir='ltr'>aggerem</span> <span class='ocrx_word' id='word_1_130' title='bbox 552 1995 694 2078; x_wconf 86' lang='lat' dir='ltr'>perficiet</span> <span class='ocrx_word' id='word_1_131' title='bbox 719 2009 751 2059; x_wconf 88' lang='lat' dir='ltr'>et</span> <span class='ocrx_word' id='word_1_132' title='bbox 778 1997 930 2077; x_wconf 85' lang='lat' dir='ltr'>perficere</span> <span class='ocrx_word' id='word_1_133' title='bbox 955 1998 1055 2058; x_wconf 90' lang='lat' dir='ltr'>debet</span> <span class='ocrx_word' id='word_1_134' title='bbox 1079 1998 1151 2058; x_wconf 89' lang='lat' dir='ltr'>hinc</span> <span class='ocrx_word' id='word_1_135' title='bbox 1176 2009 1209 2058; x_wconf 92' lang='lat' dir='ltr'>ct</span> <span class='ocrx_word' id='word_1_136' title='bbox 1227 1998 1384 2060; x_wconf 72' lang='lat' dir='ltr'>festulus</span> <span class='ocrx_word' id='word_1_137' title='bbox 1402 1997 1568 2058; x_wconf 80' lang='lat' dir='ltr'>Michaelis</span> <span class='ocrx_word' id='word_1_138' title='bbox 1586 1999 1779 2076; x_wconf 82' lang='lat' dir='ltr'>proximum.</span> 
     </span>
     <span class='ocr_line' id='line_1_14' title="bbox 223 2105 1780 2186; baseline 0 -21"><span class='ocrx_word' id='word_1_139' title='bbox 223 2105 329 2166; x_wconf 89' lang='lat' dir='ltr'>Debet</span> <span class='ocrx_word' id='word_1_140' title='bbox 354 2109 450 2166; x_wconf 91' lang='lat' dir='ltr'>etiam</span> <span class='ocrx_word' id='word_1_141' title='bbox 478 2126 615 2186; x_wconf 90' lang='lat' dir='ltr'>purgare</span> <span class='ocrx_word' id='word_1_142' title='bbox 639 2106 709 2165; x_wconf 89' lang='lat' dir='ltr'>loca</span> <span class='ocrx_word' id='word_1_143' title='bbox 734 2125 793 2184; x_wconf 92' lang='lat' dir='ltr'>pro</span> <span class='ocrx_word' id='word_1_144' title='bbox 818 2105 1001 2166; x_wconf 87' lang='lat' dir='ltr'>dimissorio</span> <span class='ocrx_word' id='word_1_145' title='bbox 1037 2106 1116 2166; x_wconf 88' lang='lat' dir='ltr'>alias</span> <span class='ocrx_word' id='word_1_146' title='bbox 1152 2115 1316 2185; x_wconf 69' lang='lat' dir='ltr'>rrprouarey</span> <span class='ocrx_word' id='word_1_147' title='bbox 1348 2117 1380 2167; x_wconf 91' lang='lat' dir='ltr'>et</span> <span class='ocrx_word' id='word_1_148' title='bbox 1412 2125 1471 2184; x_wconf 91' lang='lat' dir='ltr'>pro</span> <span class='ocrx_word' id='word_1_149' title='bbox 1496 2105 1682 2164; x_wconf 90' lang='lat' dir='ltr'>molendino</span> <span class='ocrx_word' id='word_1_150' title='bbox 1706 2125 1780 2165; x_wconf 91' lang='lat' dir='ltr'>con-</span> 
     </span>
     <span class='ocr_line' id='line_1_15' title="bbox 222 2211 1779 2294; baseline 0.001 -21"><span class='ocrx_word' id='word_1_151' title='bbox 222 2213 384 2274; x_wconf 82' lang='lat' dir='ltr'>struendo</span> <span class='ocrx_word' id='word_1_152' title='bbox 421 2211 612 2294; x_wconf 86' lang='lat' dir='ltr'>Cuiquidem</span> <span class='ocrx_word' id='word_1_153' title='bbox 641 2212 761 2273; x_wconf 84' lang='lat' dir='ltr'>lllathie</span> <span class='ocrx_word' id='word_1_154' title='bbox 787 2211 875 2273; x_wconf 90' lang='lat' dir='ltr'>Drab</span> <span class='ocrx_word' id='word_1_155' title='bbox 907 2211 1022 2291; x_wconf 84' lang='lat' dir='ltr'>prelati</span> <span class='ocrx_word' id='word_1_156' title='bbox 1047 2212 1102 2272; x_wconf 92' lang='lat' dir='ltr'>dni</span> <span class='ocrx_word' id='word_1_157' title='bbox 1127 2233 1186 2291; x_wconf 95' lang='lat' dir='ltr'>pro</span> <span class='ocrx_word' id='word_1_158' title='bbox 1212 2211 1322 2272; x_wconf 91' lang='lat' dir='ltr'>labore</span> <span class='ocrx_word' id='word_1_159' title='bbox 1354 2212 1480 2291; x_wconf 83' lang='lat' dir='ltr'>prefato</span> <span class='ocrx_word' id='word_1_160' title='bbox 1505 2214 1723 2291; x_wconf 91' lang='lat' dir='ltr'>promiserunt</span> <span class='ocrx_word' id='word_1_161' title='bbox 1747 2222 1779 2274; x_wconf 91' lang='lat' dir='ltr'>et</span> 
     </span>
     <span class='ocr_line' id='line_1_16' title="bbox 222 2317 1722 2399; baseline -0.001 -19"><span class='ocrx_word' id='word_1_162' title='bbox 222 2320 343 2381; x_wconf 91' lang='lat' dir='ltr'>debent</span> <span class='ocrx_word' id='word_1_163' title='bbox 368 2319 444 2381; x_wconf 87' lang='lat' dir='ltr'>dare</span> <span class='ocrx_word' id='word_1_164' title='bbox 469 2318 582 2382; x_wconf 87' lang='lat' dir='ltr'>XLVI</span> <span class='ocrx_word' id='word_1_165' title='bbox 606 2339 731 2380; x_wconf 88' lang='lat' dir='ltr'>marcas</span> <span class='ocrx_word' id='word_1_166' title='bbox 757 2319 963 2399; x_wconf 85' lang='lat' dir='ltr'>pecuniarum</span> <span class='ocrx_word' id='word_1_167' title='bbox 989 2329 1022 2380; x_wconf 91' lang='lat' dir='ltr'>et</span> <span class='ocrx_word' id='word_1_168' title='bbox 1046 2317 1079 2381; x_wconf 91' lang='lat' dir='ltr'>II</span> <span class='ocrx_word' id='word_1_169' title='bbox 1105 2338 1272 2380; x_wconf 86' lang='lat' dir='ltr'>mensuras</span> <span class='ocrx_word' id='word_1_170' title='bbox 1296 2317 1395 2380; x_wconf 83' lang='lat' dir='ltr'>farine</span> <span class='ocrx_word' id='word_1_171' title='bbox 1421 2320 1451 2379; x_wconf 92' lang='lat' dir='ltr'>in</span> <span class='ocrx_word' id='word_1_172' title='bbox 1476 2320 1570 2379; x_wconf 87' lang='lat' dir='ltr'>inlcio</span> <span class='ocrx_word' id='word_1_173' title='bbox 1595 2317 1722 2380; x_wconf 88' lang='lat' dir='ltr'>laboris.</span> 
     </span>
    </p>
   </div>
   <div class='ocr_carea' id='block_1_3' title="bbox 435 2564 1108 2644">
    <p class='ocr_par' dir='ltr' id='par_1_4' title="bbox 435 2564 1108 2644">
     <span class='ocr_line' id='line_1_17' title="bbox 435 2564 1108 2644; baseline 0.004 -20"><span class='ocrx_word' id='word_1_174' title='bbox 435 2564 476 2625; x_wconf 82' lang='lat' dir='ltr'>A.</span> <span class='ocrx_word' id='word_1_175' title='bbox 507 2578 604 2644; x_wconf 83' lang='lat'>1514,</span> <span class='ocrx_word' id='word_1_176' title='bbox 629 2565 795 2626; x_wconf 87' lang='lat' dir='ltr'>Februarii</span> <span class='ocrx_word' id='word_1_177' title='bbox 823 2581 875 2642; x_wconf 83' lang='lat'>13,</span> <span class='ocrx_word' id='word_1_178' title='bbox 903 2565 933 2626; x_wconf 88' lang='lat' dir='ltr'>in</span> <span class='ocrx_word' id='word_1_179' title='bbox 957 2566 1108 2644; x_wconf 83' lang='lat' dir='ltr'>capitulo</span> 
     </span>
    </p>
   </div>
   <div class='ocr_carea' id='block_1_4' title="bbox 216 2731 1779 3884">
    <p class='ocr_par' dir='ltr' id='par_1_5' title="bbox 216 2731 1779 3884">
     <span class='ocr_line' id='line_1_18' title="bbox 332 2731 1778 2814; baseline -0.002 -17"><span class='ocrx_word' id='word_1_180' title='bbox 332 2731 552 2813; x_wconf 74' lang='grc'>1041111111.</span> <span class='ocrx_word' id='word_1_181' title='bbox 582 2735 668 2813; x_wconf 82' lang='lat'>165⁰)</span> <span class='ocrx_word' id='word_1_182' title='bbox 695 2784 720 2795; x_wconf 95' lang='lat'>..</span> <span class='ocrx_word' id='word_1_183' title='bbox 747 2735 867 2796; x_wconf 88' lang='lat' dir='ltr'>Vener.</span> <span class='ocrx_word' id='word_1_184' title='bbox 891 2735 944 2796; x_wconf 91' lang='lat' dir='ltr'>dni</span> <span class='ocrx_word' id='word_1_185' title='bbox 971 2733 1086 2814; x_wconf 87' lang='lat' dir='ltr'>prelati</span> <span class='ocrx_word' id='word_1_186' title='bbox 1120 2745 1153 2797; x_wconf 91' lang='lat' dir='ltr'>et</span> <span class='ocrx_word' id='word_1_187' title='bbox 1188 2735 1333 2796; x_wconf 93' lang='lat' dir='ltr'>canonici</span> <span class='ocrx_word' id='word_1_188' title='bbox 1365 2736 1395 2794; x_wconf 92' lang='lat' dir='ltr'>in</span> <span class='ocrx_word' id='word_1_189' title='bbox 1425 2734 1524 2794; x_wconf 91' lang='lat' dir='ltr'>domo</span> <span class='ocrx_word' id='word_1_190' title='bbox 1561 2733 1615 2794; x_wconf 89' lang='lat' dir='ltr'>dni</span> <span class='ocrx_word' id='word_1_191' title='bbox 1651 2731 1778 2813; x_wconf 80' lang='lat' dir='ltr'>Oleslry</span> 
     </span>
     <span class='ocr_line' id='line_1_19' title="bbox 220 2841 1778 2922; baseline -0.001 -20"><span class='ocrx_word' id='word_1_192' title='bbox 220 2844 438 2921; x_wconf 89' lang='lat' dir='ltr'>procuratoris</span> <span class='ocrx_word' id='word_1_193' title='bbox 461 2841 632 2920; x_wconf 87' lang='lat' dir='ltr'>capituli..</span> <span class='ocrx_word' id='word_1_194' title='bbox 658 2862 764 2902; x_wconf 85' lang='lat' dir='ltr'>vener.</span> <span class='ocrx_word' id='word_1_195' title='bbox 790 2842 855 2902; x_wconf 90' lang='lat' dir='ltr'>dno</span> <span class='ocrx_word' id='word_1_196' title='bbox 880 2841 1021 2903; x_wconf 87' lang='lat' dir='ltr'>Alberto</span> <span class='ocrx_word' id='word_1_197' title='bbox 1052 2841 1289 2922; x_wconf 81' lang='lat' dir='ltr'>Palroslauslry</span> <span class='ocrx_word' id='word_1_198' title='bbox 1316 2842 1473 2902; x_wconf 88' lang='lat' dir='ltr'>canonico</span> <span class='ocrx_word' id='word_1_199' title='bbox 1499 2852 1633 2922; x_wconf 89' lang='lat' dir='ltr'>propter</span> <span class='ocrx_word' id='word_1_200' title='bbox 1657 2843 1778 2920; x_wconf 87' lang='lat' dir='ltr'>egritu-</span> 
     </span>
     <span class='ocr_line' id='line_1_20' title="bbox 220 2947 1777 3030; baseline -0.001 -20"><span class='ocrx_word' id='word_1_201' title='bbox 220 2949 328 3010; x_wconf 89' lang='lat' dir='ltr'>dinem</span> <span class='ocrx_word' id='word_1_202' title='bbox 353 2961 492 3010; x_wconf 89' lang='lat' dir='ltr'>suamet</span> <span class='ocrx_word' id='word_1_203' title='bbox 517 2960 611 3028; x_wconf 88' lang='lat' dir='ltr'>sputa</span> <span class='ocrx_word' id='word_1_204' title='bbox 637 2969 766 3028; x_wconf 88' lang='lat' dir='ltr'>grossa,</span> <span class='ocrx_word' id='word_1_205' title='bbox 792 2971 854 3030; x_wconf 84' lang='lat' dir='ltr'>que</span> <span class='ocrx_word' id='word_1_206' title='bbox 877 2971 919 3010; x_wconf 89' lang='lat' dir='ltr'>ex</span> <span class='ocrx_word' id='word_1_207' title='bbox 944 2951 1023 3010; x_wconf 90' lang='lat' dir='ltr'>tussi</span> <span class='ocrx_word' id='word_1_208' title='bbox 1039 2947 1223 3011; x_wconf 90' lang='lat' dir='ltr'>vehementi</span> <span class='ocrx_word' id='word_1_209' title='bbox 1239 2949 1314 3010; x_wconf 90' lang='lat' dir='ltr'>eiclt</span> <span class='ocrx_word' id='word_1_210' title='bbox 1330 2955 1490 3020; x_wconf 88' lang='lat' dir='ltr'>continue,</span> <span class='ocrx_word' id='word_1_211' title='bbox 1517 2969 1557 3009; x_wconf 89' lang='lat' dir='ltr'>ne</span> <span class='ocrx_word' id='word_1_212' title='bbox 1581 2949 1652 3010; x_wconf 91' lang='lat' dir='ltr'>dnis</span> <span class='ocrx_word' id='word_1_213' title='bbox 1676 2969 1777 3028; x_wconf 90' lang='lat' dir='ltr'>penes</span> 
     </span>
     <span class='ocr_line' id='line_1_21' title="bbox 220 3055 1777 3138; baseline 0 -22"><span class='ocrx_word' id='word_1_214' title='bbox 220 3076 293 3116; x_wconf 88' lang='lat' dir='ltr'>curn</span> <span class='ocrx_word' id='word_1_215' title='bbox 318 3056 505 3117; x_wconf 85' lang='lat' dir='ltr'>sedentibus</span> <span class='ocrx_word' id='word_1_216' title='bbox 531 3056 580 3117; x_wconf 88' lang='lat' dir='ltr'>vel</span> <span class='ocrx_word' id='word_1_217' title='bbox 606 3056 809 3116; x_wconf 84' lang='lat' dir='ltr'>flectentibus</span> <span class='ocrx_word' id='word_1_218' title='bbox 833 3057 1069 3138; x_wconf 88' lang='lat' dir='ltr'>displicentiam</span> <span class='ocrx_word' id='word_1_219' title='bbox 1094 3057 1143 3116; x_wconf 89' lang='lat' dir='ltr'>vel</span> <span class='ocrx_word' id='word_1_220' title='bbox 1169 3075 1322 3116; x_wconf 88' lang='lat' dir='ltr'>nauseam</span> <span class='ocrx_word' id='word_1_221' title='bbox 1348 3056 1465 3116; x_wconf 87' lang='lat' dir='ltr'>exinde</span> <span class='ocrx_word' id='word_1_222' title='bbox 1483 3055 1592 3124; x_wconf 87' lang='grc'>111111,</span> <span class='ocrx_word' id='word_1_223' title='bbox 1620 3055 1777 3116; x_wconf 88' lang='lat' dir='ltr'>dederunt</span> 
     </span>
     <span class='ocr_line' id='line_1_22' title="bbox 222 3161 1778 3232; baseline -0.001 -9"><span class='ocrx_word' id='word_1_224' title='bbox 222 3163 403 3224; x_wconf 91' lang='lat' dir='ltr'>libertatem</span> <span class='ocrx_word' id='word_1_225' title='bbox 429 3162 578 3232; x_wconf 74' lang='lat' dir='ltr'>sedendi,</span> <span class='ocrx_word' id='word_1_226' title='bbox 618 3163 723 3224; x_wconf 88' lang='lat' dir='ltr'>standi</span> <span class='ocrx_word' id='word_1_227' title='bbox 756 3163 806 3224; x_wconf 90' lang='lat' dir='ltr'>vel</span> <span class='ocrx_word' id='word_1_228' title='bbox 831 3163 981 3226; x_wconf 78' lang='lat' dir='ltr'>flectendi</span> <span class='ocrx_word' id='word_1_229' title='bbox 1018 3175 1110 3224; x_wconf 87' lang='lat' dir='ltr'>extra</span> <span class='ocrx_word' id='word_1_230' title='bbox 1146 3163 1239 3224; x_wconf 88' lang='lat' dir='ltr'>stalla</span> <span class='ocrx_word' id='word_1_231' title='bbox 1265 3164 1294 3222; x_wconf 89' lang='lat' dir='ltr'>in</span> <span class='ocrx_word' id='word_1_232' title='bbox 1320 3161 1420 3223; x_wconf 93' lang='lat' dir='ltr'>choro</span> <span class='ocrx_word' id='word_1_233' title='bbox 1444 3163 1494 3223; x_wconf 89' lang='lat' dir='ltr'>vel</span> <span class='ocrx_word' id='word_1_234' title='bbox 1519 3173 1611 3224; x_wconf 84' lang='lat' dir='ltr'>extra</span> <span class='ocrx_word' id='word_1_235' title='bbox 1635 3163 1778 3232; x_wconf 91' lang='lat' dir='ltr'>chorum,</span> 
     </span>
     <span class='ocr_line' id='line_1_23' title="bbox 222 3268 1776 3349; baseline -0.001 -19"><span class='ocrx_word' id='word_1_236' title='bbox 222 3271 274 3330; x_wconf 92' lang='lat' dir='ltr'>ubi</span> <span class='ocrx_word' id='word_1_237' title='bbox 300 3270 403 3330; x_wconf 89' lang='lat' dir='ltr'>eidem</span> <span class='ocrx_word' id='word_1_238' title='bbox 429 3269 599 3349; x_wconf 88' lang='lat' dir='ltr'>placuerit,</span> <span class='ocrx_word' id='word_1_239' title='bbox 637 3271 815 3330; x_wconf 86' lang='lat' dir='ltr'>dummodo</span> <span class='ocrx_word' id='word_1_240' title='bbox 840 3271 868 3330; x_wconf 91' lang='lat' dir='ltr'>in</span> <span class='ocrx_word' id='word_1_241' title='bbox 896 3271 1030 3331; x_wconf 84' lang='lat' dir='ltr'>ecclesia</span> <span class='ocrx_word' id='word_1_242' title='bbox 1066 3269 1212 3331; x_wconf 78' lang='lat' dir='ltr'>fueritin</span> <span class='ocrx_word' id='word_1_243' title='bbox 1239 3269 1327 3330; x_wconf 81' lang='lat' dir='ltr'>festiS</span> <span class='ocrx_word' id='word_1_244' title='bbox 1358 3268 1438 3330; x_wconf 89' lang='lat' dir='ltr'>infra</span> <span class='ocrx_word' id='word_1_245' title='bbox 1462 3289 1621 3330; x_wconf 91' lang='lat' dir='ltr'>summam</span> <span class='ocrx_word' id='word_1_246' title='bbox 1646 3270 1776 3331; x_wconf 88' lang='lat' dir='ltr'>missam</span> 
     </span>
     <span class='ocr_line' id='line_1_24' title="bbox 219 3375 1778 3458; baseline 0.001 -20"><span class='ocrx_word' id='word_1_247' title='bbox 219 3388 250 3438; x_wconf 91' lang='lat' dir='ltr'>et</span> <span class='ocrx_word' id='word_1_248' title='bbox 274 3397 428 3456; x_wconf 89' lang='lat' dir='ltr'>vesperas</span> <span class='ocrx_word' id='word_1_249' title='bbox 452 3389 484 3438; x_wconf 90' lang='lat' dir='ltr'>et</span> <span class='ocrx_word' id='word_1_250' title='bbox 509 3375 586 3436; x_wconf 88' lang='lat' dir='ltr'>infra</span> <span class='ocrx_word' id='word_1_251' title='bbox 612 3377 752 3458; x_wconf 87' lang='lat' dir='ltr'>vigilias,</span> <span class='ocrx_word' id='word_1_252' title='bbox 786 3377 916 3456; x_wconf 90' lang='lat' dir='ltr'>qnando</span> <span class='ocrx_word' id='word_1_253' title='bbox 955 3387 1142 3448; x_wconf 91' lang='lat' dir='ltr'>occurrunt,</span> <span class='ocrx_word' id='word_1_254' title='bbox 1179 3388 1211 3438; x_wconf 93' lang='lat' dir='ltr'>et</span> <span class='ocrx_word' id='word_1_255' title='bbox 1235 3375 1459 3436; x_wconf 87' lang='lat' dir='ltr'>nichilominus</span> <span class='ocrx_word' id='word_1_256' title='bbox 1490 3395 1548 3455; x_wconf 91' lang='lat' dir='ltr'>pro</span> <span class='ocrx_word' id='word_1_257' title='bbox 1578 3377 1721 3455; x_wconf 85' lang='lat' dir='ltr'>presenti</span> <span class='ocrx_word' id='word_1_258' title='bbox 1746 3386 1778 3439; x_wconf 90' lang='lat' dir='ltr'>et</span> 
     </span>
     <span class='ocr_line' id='line_1_25' title="bbox 218 3483 1778 3564; baseline 0 -20"><span class='ocrx_word' id='word_1_259' title='bbox 218 3485 423 3546; x_wconf 89' lang='lat' dir='ltr'>interessenti</span> <span class='ocrx_word' id='word_1_260' title='bbox 460 3485 677 3563; x_wconf 88' lang='lat' dir='ltr'>reputabitur,</span> <span class='ocrx_word' id='word_1_261' title='bbox 714 3485 879 3546; x_wconf 89' lang='lat' dir='ltr'>licentiam</span> <span class='ocrx_word' id='word_1_262' title='bbox 903 3506 921 3545; x_wconf 91' lang='lat' dir='ltr'>a</span> <span class='ocrx_word' id='word_1_263' title='bbox 946 3485 1140 3564; x_wconf 88' lang='lat' dir='ltr'>supradictis</span> <span class='ocrx_word' id='word_1_264' title='bbox 1172 3495 1204 3544; x_wconf 87' lang='lat' dir='ltr'>ct</span> <span class='ocrx_word' id='word_1_265' title='bbox 1229 3503 1247 3544; x_wconf 87' lang='lat' dir='ltr'>a</span> <span class='ocrx_word' id='word_1_266' title='bbox 1270 3485 1429 3562; x_wconf 76' lang='lat' dir='ltr'>capitum,</span> <span class='ocrx_word' id='word_1_267' title='bbox 1465 3483 1595 3562; x_wconf 88' lang='lat' dir='ltr'>quando</span> <span class='ocrx_word' id='word_1_268' title='bbox 1619 3483 1778 3545; x_wconf 85' lang='grc'>1111111111</span> 
     </span>
     <span class='ocr_line' id='line_1_26' title="bbox 217 3591 1779 3670; baseline -0.001 -18"><span class='ocrx_word' id='word_1_269' title='bbox 217 3592 444 3670; x_wconf 77' lang='lat' dir='ltr'>indisposituS,</span> <span class='ocrx_word' id='word_1_270' title='bbox 470 3603 505 3652; x_wconf 90' lang='lat' dir='ltr'>ut</span> <span class='ocrx_word' id='word_1_271' title='bbox 529 3591 596 3650; x_wconf 82' lang='lat' dir='ltr'>sine</span> <span class='ocrx_word' id='word_1_272' title='bbox 623 3591 762 3670; x_wconf 78' lang='lat' dir='ltr'>periculo</span> <span class='ocrx_word' id='word_1_273' title='bbox 787 3613 845 3652; x_wconf 89' lang='lat' dir='ltr'>sue</span> <span class='ocrx_word' id='word_1_274' title='bbox 870 3592 1018 3653; x_wconf 88' lang='lat' dir='ltr'>sanitatis</span> <span class='ocrx_word' id='word_1_275' title='bbox 1053 3591 1094 3652; x_wconf 90' lang='lat' dir='ltr'>ad</span> <span class='ocrx_word' id='word_1_276' title='bbox 1120 3591 1266 3670; x_wconf 89' lang='lat' dir='ltr'>predicta</span> <span class='ocrx_word' id='word_1_277' title='bbox 1290 3592 1396 3651; x_wconf 93' lang='lat' dir='ltr'>venire</span> <span class='ocrx_word' id='word_1_278' title='bbox 1421 3610 1486 3650; x_wconf 93' lang='lat' dir='ltr'>non</span> <span class='ocrx_word' id='word_1_279' title='bbox 1513 3603 1641 3670; x_wconf 90' lang='lat' dir='ltr'>posset,</span> <span class='ocrx_word' id='word_1_280' title='bbox 1679 3611 1779 3669; x_wconf 86' lang='lat' dir='ltr'>usque</span> 
     </span>
     <span class='ocr_line' id='line_1_27' title="bbox 216 3697 1778 3779; baseline -0.001 -20"><span class='ocrx_word' id='word_1_281' title='bbox 216 3700 255 3759; x_wconf 89' lang='lat' dir='ltr'>ad</span> <span class='ocrx_word' id='word_1_282' title='bbox 281 3698 447 3759; x_wconf 88' lang='lat' dir='ltr'>meliorem</span> <span class='ocrx_word' id='word_1_283' title='bbox 473 3699 571 3776; x_wconf 87' lang='lat' dir='ltr'>ipsius</span> <span class='ocrx_word' id='word_1_284' title='bbox 595 3697 892 3760; x_wconf 87' lang='lat' dir='ltr'>convalescentiam</span> <span class='ocrx_word' id='word_1_285' title='bbox 917 3698 1021 3758; x_wconf 90' lang='lat' dir='ltr'>eidem</span> <span class='ocrx_word' id='word_1_286' title='bbox 1047 3698 1273 3771; x_wconf 86' lang='lat' dir='ltr'>concedende,</span> <span class='ocrx_word' id='word_1_287' title='bbox 1299 3697 1386 3779; x_wconf 91' lang='lat' dir='ltr'>quod</span> <span class='ocrx_word' id='word_1_288' title='bbox 1411 3707 1520 3758; x_wconf 90' lang='lat' dir='ltr'>tamen</span> <span class='ocrx_word' id='word_1_289' title='bbox 1546 3697 1611 3758; x_wconf 92' lang='lat' dir='ltr'>dno</span> <span class='ocrx_word' id='word_1_290' title='bbox 1630 3717 1778 3776; x_wconf 89' lang='lat' dir='ltr'>procura·</span> 
     </span>
     <span class='ocr_line' id='line_1_28' title="bbox 219 3805 1008 3884; baseline 0 -19"><span class='ocrx_word' id='word_1_291' title='bbox 219 3805 280 3866; x_wconf 91' lang='lat' dir='ltr'>tori</span> <span class='ocrx_word' id='word_1_292' title='bbox 305 3805 437 3884; x_wconf 88' lang='lat' dir='ltr'>capituli</span> <span class='ocrx_word' id='word_1_293' title='bbox 459 3805 565 3864; x_wconf 89' lang='lat' dir='ltr'>dicere</span> <span class='ocrx_word' id='word_1_294' title='bbox 589 3805 639 3866; x_wconf 92' lang='lat' dir='ltr'>vel</span> <span class='ocrx_word' id='word_1_295' title='bbox 665 3805 812 3866; x_wconf 88' lang='lat' dir='ltr'>iutimare</span> <span class='ocrx_word' id='word_1_296' title='bbox 838 3805 1008 3867; x_wconf 87' lang='lat' dir='ltr'>tenebitur.</span> 
     </span>
    </p>
   </div>
   <div class='ocr_carea' id='block_1_5' title="bbox 434 4051 1145 4131">
    <p class='ocr_par' dir='ltr' id='par_1_6' title="bbox 434 4051 1145 4131">
     <span class='ocr_line' id='line_1_29' title="bbox 434 4051 1145 4131; baseline 0 -19"><span class='ocrx_word' id='word_1_297' title='bbox 434 4053 475 4112; x_wconf 76' lang='grc'>11.</span> <span class='ocrx_word' id='word_1_298' title='bbox 507 4067 605 4131; x_wconf 76' lang='grc'>1514,</span> <span class='ocrx_word' id='word_1_299' title='bbox 630 4051 700 4114; x_wconf 88' lang='lat' dir='ltr'>Iulii</span> <span class='ocrx_word' id='word_1_300' title='bbox 725 4067 743 4130; x_wconf 92' lang='lat'><em>7</em></span> <span class='ocrx_word' id='word_1_301' title='bbox 769 4053 801 4113; x_wconf 93' lang='lat' dir='ltr'>in</span> <span class='ocrx_word' id='word_1_302' title='bbox 824 4051 967 4131; x_wconf 89' lang='lat' dir='ltr'>capitulo</span> <span class='ocrx_word' id='word_1_303' title='bbox 992 4051 1145 4131; x_wconf 86' lang='lat' dir='ltr'>generali.</span> 
     </span>
    </p>
   </div>
   <div class='ocr_carea' id='block_1_6' title="bbox 217 4215 1782 4926">
    <p class='ocr_par' dir='ltr' id='par_1_7' title="bbox 217 4215 1782 4926">
     <span class='ocr_line' id='line_1_30' title="bbox 333 4215 1765 4298; baseline -0.001 -16"><span class='ocrx_word' id='word_1_304' title='bbox 333 4215 439 4282; x_wconf 80' lang='lat'>1047.</span> <span class='ocrx_word' id='word_1_305' title='bbox 464 4217 550 4298; x_wconf 86' lang='lat' dir='ltr'>(Vll.</span> <span class='ocrx_word' id='word_1_306' title='bbox 580 4221 671 4298; x_wconf 85' lang='lat'>171⁰).</span> <span class='ocrx_word' id='word_1_307' title='bbox 696 4218 859 4282; x_wconf 87' lang='lat' dir='ltr'>Statutum</span> <span class='ocrx_word' id='word_1_308' title='bbox 878 4221 918 4280; x_wconf 92' lang='lat' dir='ltr'>de</span> <span class='ocrx_word' id='word_1_309' title='bbox 943 4219 1166 4281; x_wconf 86' lang='lat' dir='ltr'>laboribus</span> <span class='ocrx_word' id='word_1_310' title='bbox 1191 4217 1413 4280; x_wconf 80' lang='lat' dir='ltr'>lrmethonum.</span> <span class='ocrx_word' id='word_1_311' title='bbox 1432 4257 1471 4263; x_wconf 83' lang='lat'>-—</span> <span class='ocrx_word' id='word_1_312' title='bbox 1498 4219 1663 4280; x_wconf 90' lang='lat' dir='ltr'>Ibidem..</span> <span class='ocrx_word' id='word_1_313' title='bbox 1689 4220 1765 4280; x_wconf 89' lang='lat' dir='ltr'>dni.</span> 
     </span>
     <span class='ocr_line' id='line_1_31' title="bbox 218 4325 1777 4406; baseline -0.001 -16"><span class='ocrx_word' id='word_1_314' title='bbox 218 4339 400 4392; x_wconf 86' lang='lat' dir='ltr'>statuerunt</span> <span class='ocrx_word' id='word_1_315' title='bbox 425 4341 457 4388; x_wconf 90' lang='lat' dir='ltr'>ct</span> <span class='ocrx_word' id='word_1_316' title='bbox 483 4327 623 4387; x_wconf 91' lang='lat' dir='ltr'>unanimi</span> <span class='ocrx_word' id='word_1_317' title='bbox 659 4341 738 4388; x_wconf 92' lang='lat' dir='ltr'>voto</span> <span class='ocrx_word' id='word_1_318' title='bbox 770 4326 924 4406; x_wconf 80' lang='lat' dir='ltr'>deinceps</span> <span class='ocrx_word' id='word_1_319' title='bbox 962 4325 1202 4388; x_wconf 86' lang='lat' dir='ltr'>observandum</span> <span class='ocrx_word' id='word_1_320' title='bbox 1238 4325 1467 4398; x_wconf 85' lang='lat' dir='ltr'>decreuerunt,</span> <span class='ocrx_word' id='word_1_321' title='bbox 1504 4337 1538 4386; x_wconf 93' lang='lat' dir='ltr'>ut</span> <span class='ocrx_word' id='word_1_322' title='bbox 1570 4329 1601 4388; x_wconf 94' lang='lat' dir='ltr'>in</span> <span class='ocrx_word' id='word_1_323' title='bbox 1626 4327 1777 4388; x_wconf 90' lang='lat' dir='ltr'>omnibus</span> 
     </span>
     <span class='ocr_line' id='line_1_32' title="bbox 218 4430 1778 4515; baseline -0.001 -18"><span class='ocrx_word' id='word_1_324' title='bbox 218 4435 512 4515; x_wconf 89' lang='lat' dir='ltr'>prestimonialibus</span> <span class='ocrx_word' id='word_1_325' title='bbox 547 4433 629 4496; x_wconf 86' lang='lat' dir='ltr'>villis</span> <span class='ocrx_word' id='word_1_326' title='bbox 667 4435 861 4496; x_wconf 85' lang='lat' dir='ltr'>lunethones</span> <span class='ocrx_word' id='word_1_327' title='bbox 898 4433 1082 4512; x_wconf 90' lang='lat' dir='ltr'>incipiendo</span> <span class='ocrx_word' id='word_1_328' title='bbox 1107 4453 1125 4491; x_wconf 94' lang='lat' dir='ltr'>a</span> <span class='ocrx_word' id='word_1_329' title='bbox 1150 4431 1233 4494; x_wconf 88' lang='lat' dir='ltr'>lesto</span> <span class='ocrx_word' id='word_1_330' title='bbox 1258 4453 1282 4493; x_wconf 91' lang='lat' dir='ltr'>s.</span> <span class='ocrx_word' id='word_1_331' title='bbox 1309 4430 1460 4492; x_wconf 89' lang='lat' dir='ltr'>Iohannis</span> <span class='ocrx_word' id='word_1_332' title='bbox 1496 4432 1644 4512; x_wconf 87' lang='lat' dir='ltr'>Baptiste</span> <span class='ocrx_word' id='word_1_333' title='bbox 1669 4455 1727 4514; x_wconf 90' lang='lat' dir='ltr'>per</span> <span class='ocrx_word' id='word_1_334' title='bbox 1751 4435 1778 4496; x_wconf 96' lang='lat' dir='ltr'>ll</span> 
     </span>
     <span class='ocr_line' id='line_1_33' title="bbox 217 4537 1775 4622; baseline -0.002 -18"><span class='ocrx_word' id='word_1_335' title='bbox 217 4543 285 4604; x_wconf 89' lang='lat' dir='ltr'>dies</span> <span class='ocrx_word' id='word_1_336' title='bbox 311 4544 341 4603; x_wconf 90' lang='lat' dir='ltr'>in</span> <span class='ocrx_word' id='word_1_337' title='bbox 367 4540 509 4622; x_wconf 89' lang='lat' dir='ltr'>qualibet</span> <span class='ocrx_word' id='word_1_338' title='bbox 534 4543 715 4621; x_wconf 88' lang='lat' dir='ltr'>septimana</span> <span class='ocrx_word' id='word_1_339' title='bbox 739 4562 842 4621; x_wconf 91' lang='lat' dir='ltr'>usque</span> <span class='ocrx_word' id='word_1_340' title='bbox 867 4541 907 4602; x_wconf 90' lang='lat' dir='ltr'>ad</span> <span class='ocrx_word' id='word_1_341' title='bbox 932 4561 956 4602; x_wconf 85' lang='lat' dir='ltr'>S.</span> <span class='ocrx_word' id='word_1_342' title='bbox 982 4539 1149 4600; x_wconf 89' lang='lat' dir='ltr'>lllichaelis</span> <span class='ocrx_word' id='word_1_343' title='bbox 1178 4550 1210 4600; x_wconf 90' lang='lat' dir='ltr'>et</span> <span class='ocrx_word' id='word_1_344' title='bbox 1236 4538 1366 4599; x_wconf 89' lang='lat' dir='ltr'>tandem</span> <span class='ocrx_word' id='word_1_345' title='bbox 1391 4559 1409 4598; x_wconf 91' lang='lat' dir='ltr'>a</span> <span class='ocrx_word' id='word_1_346' title='bbox 1434 4559 1457 4600; x_wconf 78' lang='lat' dir='ltr'>S.</span> <span class='ocrx_word' id='word_1_347' title='bbox 1483 4537 1648 4600; x_wconf 89' lang='lat' dir='ltr'>Michaelis</span> <span class='ocrx_word' id='word_1_348' title='bbox 1674 4561 1775 4620; x_wconf 90' lang='lat' dir='ltr'>usque</span> 
     </span>
     <span class='ocr_line' id='line_1_34' title="bbox 217 4645 1775 4728; baseline -0.004 -16"><span class='ocrx_word' id='word_1_349' title='bbox 217 4651 257 4712; x_wconf 88' lang='lat' dir='ltr'>ad</span> <span class='ocrx_word' id='word_1_350' title='bbox 282 4649 366 4710; x_wconf 89' lang='lat' dir='ltr'>aliud</span> <span class='ocrx_word' id='word_1_351' title='bbox 393 4649 510 4711; x_wconf 84' lang='lat' dir='ltr'>festum</span> <span class='ocrx_word' id='word_1_352' title='bbox 534 4649 685 4710; x_wconf 89' lang='lat' dir='ltr'>Iohannis</span> <span class='ocrx_word' id='word_1_353' title='bbox 710 4649 856 4728; x_wconf 85' lang='lat' dir='ltr'>Baptiste</span> <span class='ocrx_word' id='word_1_354' title='bbox 880 4669 936 4728; x_wconf 90' lang='lat' dir='ltr'>per</span> <span class='ocrx_word' id='word_1_355' title='bbox 960 4667 1058 4708; x_wconf 89' lang='lat' dir='ltr'>unum</span> <span class='ocrx_word' id='word_1_356' title='bbox 1083 4647 1166 4707; x_wconf 86' lang='lat' dir='ltr'>diern</span> <span class='ocrx_word' id='word_1_357' title='bbox 1193 4646 1337 4708; x_wconf 90' lang='lat' dir='ltr'>similiter</span> <span class='ocrx_word' id='word_1_358' title='bbox 1362 4647 1390 4706; x_wconf 91' lang='lat' dir='ltr'>in</span> <span class='ocrx_word' id='word_1_359' title='bbox 1418 4645 1561 4724; x_wconf 91' lang='lat' dir='ltr'>qualibet</span> <span class='ocrx_word' id='word_1_360' title='bbox 1594 4647 1775 4726; x_wconf 86' lang='lat' dir='ltr'>septimana</span> 
     </span>
     <span class='ocr_line' id='line_1_35' title="bbox 219 4753 1782 4836; baseline -0.002 -18"><span class='ocrx_word' id='word_1_361' title='bbox 219 4757 364 4818; x_wconf 88' lang='lat' dir='ltr'>laborem</span> <span class='ocrx_word' id='word_1_362' title='bbox 401 4776 627 4836; x_wconf 87' lang='lat' dir='ltr'>quemcunque</span> <span class='ocrx_word' id='word_1_363' title='bbox 651 4764 859 4827; x_wconf 89' lang='lat' dir='ltr'>consuetum,</span> <span class='ocrx_word' id='word_1_364' title='bbox 886 4773 982 4835; x_wconf 90' lang='lat' dir='ltr'>quem</span> <span class='ocrx_word' id='word_1_365' title='bbox 1007 4755 1060 4815; x_wconf 92' lang='lat' dir='ltr'>dni</span> <span class='ocrx_word' id='word_1_366' title='bbox 1084 4764 1235 4833; x_wconf 86' lang='lat' dir='ltr'>regentes</span> <span class='ocrx_word' id='word_1_367' title='bbox 1260 4753 1336 4832; x_wconf 78' lang='lat' dir='ltr'>ipsiS</span> <span class='ocrx_word' id='word_1_368' title='bbox 1361 4753 1595 4824; x_wconf 87' lang='lat' dir='ltr'>mandaverint,</span> <span class='ocrx_word' id='word_1_369' title='bbox 1632 4753 1782 4815; x_wconf 88' lang='lat' dir='ltr'>laborare</span> 
     </span>
     <span class='ocr_line' id='line_1_36' title="bbox 218 4863 685 4926; baseline 0 -1"><span class='ocrx_word' id='word_1_370' title='bbox 218 4873 407 4926; x_wconf 90' lang='lat' dir='ltr'>tenerentur</span> <span class='ocrx_word' id='word_1_371' title='bbox 431 4875 463 4924; x_wconf 87' lang='lat' dir='ltr'>et</span> <span class='ocrx_word' id='word_1_372' title='bbox 491 4863 685 4925; x_wconf 87' lang='lat' dir='ltr'>laborarent.</span> 
     </span>
    </p>
   </div>
   <div class='ocr_carea' id='block_1_7' title="bbox 437 5107 1162 5188">
    <p class='ocr_par' dir='ltr' id='par_1_8' title="bbox 437 5107 1162 5188">
     <span class='ocr_line' id='line_1_37' title="bbox 437 5107 1162 5188; baseline -0.001 -19"><span class='ocrx_word' id='word_1_373' title='bbox 437 5109 480 5170; x_wconf 85' lang='lat' dir='ltr'>A.</span> <span class='ocrx_word' id='word_1_374' title='bbox 512 5123 609 5188; x_wconf 81' lang='lat'>1514,</span> <span class='ocrx_word' id='word_1_375' title='bbox 635 5109 703 5169; x_wconf 91' lang='lat' dir='ltr'>Iulii</span> <span class='ocrx_word' id='word_1_376' title='bbox 729 5111 763 5178; x_wconf 88' lang='lat'>8,</span> <span class='ocrx_word' id='word_1_377' title='bbox 788 5111 818 5169; x_wconf 92' lang='lat' dir='ltr'>in</span> <span class='ocrx_word' id='word_1_378' title='bbox 843 5107 986 5187; x_wconf 90' lang='lat' dir='ltr'>capitulo</span> <span class='ocrx_word' id='word_1_379' title='bbox 1012 5107 1162 5188; x_wconf 87' lang='lat' dir='ltr'>generali.</span> 
     </span>
    </p>
   </div>
   <div class='ocr_carea' id='block_1_8' title="bbox 223 5272 1783 5571">
    <p class='ocr_par' dir='ltr' id='par_1_9' title="bbox 223 5272 1783 5571">
     <span class='ocr_line' id='line_1_38' title="bbox 320 5272 1782 5357; baseline -0.001 -18"><span class='ocrx_word' id='word_1_380' title='bbox 320 5272 558 5357; x_wconf 76' lang='grc'>.1048.11111.</span> <span class='ocrx_word' id='word_1_381' title='bbox 591 5278 671 5355; x_wconf 86' lang='lat'>172).</span> <span class='ocrx_word' id='word_1_382' title='bbox 708 5277 831 5338; x_wconf 84' lang='lat' dir='ltr'>Ibidem</span> <span class='ocrx_word' id='word_1_383' title='bbox 864 5277 918 5337; x_wconf 92' lang='lat' dir='ltr'>dni</span> <span class='ocrx_word' id='word_1_384' title='bbox 943 5277 1179 5355; x_wconf 87' lang='lat' dir='ltr'>deputaverunt</span> <span class='ocrx_word' id='word_1_385' title='bbox 1204 5277 1244 5336; x_wconf 91' lang='lat' dir='ltr'>ad</span> <span class='ocrx_word' id='word_1_386' title='bbox 1271 5276 1467 5337; x_wconf 88' lang='lat' dir='ltr'>audiendum</span> <span class='ocrx_word' id='word_1_387' title='bbox 1502 5279 1658 5338; x_wconf 89' lang='lat' dir='ltr'>rationem</span> <span class='ocrx_word' id='word_1_388' title='bbox 1684 5277 1782 5338; x_wconf 88' lang='lat' dir='ltr'>dnum</span> 
     </span>
     <span class='ocr_line' id='line_1_39' title="bbox 223 5382 1783 5463; baseline 0 -19"><span class='ocrx_word' id='word_1_389' title='bbox 223 5383 402 5444; x_wconf 90' lang='lat' dir='ltr'>Iohannem</span> <span class='ocrx_word' id='word_1_390' title='bbox 426 5382 685 5445; x_wconf 86' lang='lat' dir='ltr'>archidiaconum</span> <span class='ocrx_word' id='word_1_391' title='bbox 712 5397 744 5445; x_wconf 92' lang='lat' dir='ltr'>et</span> <span class='ocrx_word' id='word_1_392' title='bbox 769 5385 938 5444; x_wconf 80' lang='lat' dir='ltr'>officialem</span> <span class='ocrx_word' id='word_1_393' title='bbox 973 5384 1013 5443; x_wconf 91' lang='lat' dir='ltr'>de</span> <span class='ocrx_word' id='word_1_394' title='bbox 1038 5385 1200 5463; x_wconf 85' lang='lat' dir='ltr'>perceptis</span> <span class='ocrx_word' id='word_1_395' title='bbox 1233 5385 1590 5446; x_wconf 86' lang='lat' dir='ltr'>contribucionis</span> <span class='ocrx_word' id='word_1_396' title='bbox 1627 5384 1783 5462; x_wconf 84' lang='lat' dir='ltr'>regalis</span> 
     </span>
     <span class='ocr_line' id='line_1_40' title="bbox 226 5489 1600 5571; baseline 0.003 -23"><span class='ocrx_word' id='word_1_397' title='bbox 226 5491 310 5552; x_wconf 85' lang='lat' dir='ltr'>‹lnos</span> <span class='ocrx_word' id='word_1_398' title='bbox 334 5489 575 5571; x_wconf 72' lang='lat' dir='ltr'>Sigismundum</span> <span class='ocrx_word' id='word_1_399' title='bbox 602 5501 634 5554; x_wconf 92' lang='lat' dir='ltr'>et</span> <span class='ocrx_word' id='word_1_400' title='bbox 659 5489 831 5552; x_wconf 87' lang='lat' dir='ltr'>Nicolaum</span> <span class='ocrx_word' id='word_1_401' title='bbox 858 5489 984 5570; x_wconf 75' lang='lat' dir='ltr'>Olcslry</span> <span class='ocrx_word' id='word_1_402' title='bbox 1009 5492 1183 5552; x_wconf 87' lang='lat' dir='ltr'>canonicos</span> <span class='ocrx_word' id='word_1_403' title='bbox 1208 5489 1343 5552; x_wconf 85' lang='lat' dir='ltr'>ecclesie</span> <span class='ocrx_word' id='word_1_404' title='bbox 1367 5489 1600 5552; x_wconf 84' lang='lat' dir='ltr'>l&#39;oznaniensis.</span> 
     </span>
    </p>
   </div>
   <div class='ocr_carea' id='block_1_9' title="bbox 0 0 2203 6368">
    <p class='ocr_par' dir='ltr' id='par_1_10' title="bbox 0 0 2203 6368">
     <span class='ocr_line' id='line_1_41' title="bbox 0 0 2203 6368; baseline 0 0"><span class='ocrx_word' id='word_1_405' title='bbox 0 0 2203 6368; x_wconf 95' lang='lat' dir='ltr'> </span> 
     </span>
    </p>
   </div>
  </div>
 </body>
</html>
