<?xml version="1.0" encoding="UTF-8"?>
<!DOCTYPE html PUBLIC "-//W3C//DTD XHTML 1.0 Transitional//EN"
    "http://www.w3.org/TR/xhtml1/DTD/xhtml1-transitional.dtd">
<html xmlns="http://www.w3.org/1999/xhtml" xml:lang="en" lang="en">
 <head>
  <title>
</title>
<meta http-equiv="Content-Type" content="text/html;charset=utf-8" />
  <meta name='ocr-system' content='tesseract 3.04.00' />
  <meta name='ocr-capabilities' content='ocr_page ocr_carea ocr_par ocr_line ocrx_word'/>
</head>
<body>
  <div class='ocr_page' id='page_1' title='image "actacapitulorum00czubgoog_0143.png"; bbox 0 0 4416 6366; ppageno 0'>
   <div class='ocr_carea' id='block_1_1' title="bbox 817 591 1202 647">
    <p class='ocr_par' dir='ltr' id='par_1_1' title="bbox 817 591 1202 647">
     <span class='ocr_line' id='line_1_1' title="bbox 817 591 1202 647; baseline 0.005 -5"><span class='ocrx_word' id='word_1_1' title='bbox 817 593 997 644; x_wconf 85' lang='lat' dir='ltr'><strong>ANNORUM</strong></span> <span class='ocrx_word' id='word_1_2' title='bbox 1018 591 1202 647; x_wconf 76' lang='lat'>1476-1119.</span> 
     </span>
    </p>
   </div>
   <div class='ocr_carea' id='block_1_2' title="bbox 450 841 1072 924">
    <p class='ocr_par' dir='ltr' id='par_1_2' title="bbox 450 841 1072 924">
     <span class='ocr_line' id='line_1_2' title="bbox 450 841 1072 924; baseline 0.002 -20"><span class='ocrx_word' id='word_1_3' title='bbox 450 843 494 904; x_wconf 97' lang='lat' dir='ltr'>A.</span> <span class='ocrx_word' id='word_1_4' title='bbox 524 857 615 922; x_wconf 90' lang='lat'>1477,</span> <span class='ocrx_word' id='word_1_5' title='bbox 639 841 764 922; x_wconf 86' lang='lat' dir='ltr'>Aprilis</span> <span class='ocrx_word' id='word_1_6' title='bbox 793 859 839 924; x_wconf 88' lang='lat'>17,</span> <span class='ocrx_word' id='word_1_7' title='bbox 864 843 896 906; x_wconf 93' lang='lat' dir='ltr'>in</span> <span class='ocrx_word' id='word_1_8' title='bbox 920 843 1072 924; x_wconf 89' lang='lat' dir='ltr'>capitulo.</span> 
     </span>
    </p>
   </div>
   <div class='ocr_carea' id='block_1_3' title="bbox 236 999 1792 1387">
    <p class='ocr_par' dir='ltr' id='par_1_3' title="bbox 236 999 1792 1387">
     <span class='ocr_line' id='line_1_3' title="bbox 344 999 1790 1082; baseline -0.004 -13"><span class='ocrx_word' id='word_1_9' title='bbox 344 999 432 1068; x_wconf 84' lang='grc'><strong>662.</strong></span> <span class='ocrx_word' id='word_1_10' title='bbox 458 1001 527 1082; x_wconf 90' lang='lat' dir='ltr'>(IV.</span> <span class='ocrx_word' id='word_1_11' title='bbox 557 1002 659 1082; x_wconf 83' lang='lat'>15⁰)..</span> <span class='ocrx_word' id='word_1_12' title='bbox 685 1003 805 1065; x_wconf 83' lang='lat' dir='ltr'>Vener.</span> <span class='ocrx_word' id='word_1_13' title='bbox 830 1003 884 1064; x_wconf 91' lang='lat' dir='ltr'>dni</span> <span class='ocrx_word' id='word_1_14' title='bbox 909 1003 1065 1076; x_wconf 88' lang='lat' dir='ltr'>decanus,</span> <span class='ocrx_word' id='word_1_15' title='bbox 1090 1001 1270 1072; x_wconf 80' lang='lat' dir='ltr'>Sehkudta,</span> <span class='ocrx_word' id='word_1_16' title='bbox 1294 1000 1432 1074; x_wconf 86' lang='lat' dir='ltr'>Costen,</span> <span class='ocrx_word' id='word_1_17' title='bbox 1459 1000 1630 1072; x_wconf 86' lang='lat' dir='ltr'>Decanek,</span> <span class='ocrx_word' id='word_1_18' title='bbox 1657 1000 1790 1074; x_wconf 85' lang='lat' dir='ltr'>Hector,</span> 
     </span>
     <span class='ocr_line' id='line_1_4' title="bbox 236 1109 1791 1190; baseline -0.002 -19"><span class='ocrx_word' id='word_1_19' title='bbox 236 1109 394 1173; x_wconf 91' lang='lat' dir='ltr'>Martinus</span> <span class='ocrx_word' id='word_1_20' title='bbox 418 1120 451 1171; x_wconf 93' lang='lat' dir='ltr'>et</span> <span class='ocrx_word' id='word_1_21' title='bbox 476 1109 675 1190; x_wconf 86' lang='lat' dir='ltr'>Lubaschky</span> <span class='ocrx_word' id='word_1_22' title='bbox 700 1110 938 1190; x_wconf 84' lang='lat' dir='ltr'>deputaverunt</span> <span class='ocrx_word' id='word_1_23' title='bbox 970 1110 1068 1170; x_wconf 92' lang='lat' dir='ltr'>dnum</span> <span class='ocrx_word' id='word_1_24' title='bbox 1101 1110 1308 1171; x_wconf 86' lang='lat' dir='ltr'>scolasticum</span> <span class='ocrx_word' id='word_1_25' title='bbox 1340 1109 1381 1169; x_wconf 88' lang='lat' dir='ltr'>ad</span> <span class='ocrx_word' id='word_1_26' title='bbox 1412 1111 1791 1170; x_wconf 90' lang='lat' dir='ltr'>convencionem</span> 
     </span>
     <span class='ocr_line' id='line_1_5' title="bbox 237 1215 1792 1302; baseline -0.001 -24"><span class='ocrx_word' id='word_1_27' title='bbox 237 1216 662 1302; x_wconf 20' lang='lat' dir='ltr'>Piotrkoviensvem</span> <span class='ocrx_word' id='word_1_28' title='bbox 696 1217 727 1278; x_wconf 92' lang='lat' dir='ltr'>in</span> <span class='ocrx_word' id='word_1_29' title='bbox 759 1216 845 1278; x_wconf 84' lang='lat' dir='ltr'>lacto</span> <span class='ocrx_word' id='word_1_30' title='bbox 878 1216 1012 1279; x_wconf 90' lang='lat' dir='ltr'>ducture</span> <span class='ocrx_word' id='word_1_31' title='bbox 1037 1217 1169 1278; x_wconf 86' lang='lat' dir='ltr'><strong>cervisie</strong></span> <span class='ocrx_word' id='word_1_32' title='bbox 1194 1215 1445 1296; x_wconf 89' lang='lat' dir='ltr'>Bidgostiensis,</span> <span class='ocrx_word' id='word_1_33' title='bbox 1479 1217 1529 1276; x_wconf 92' lang='lat' dir='ltr'>cui</span> <span class='ocrx_word' id='word_1_34' title='bbox 1554 1234 1614 1295; x_wconf 90' lang='lat' dir='ltr'>pro</span> <span class='ocrx_word' id='word_1_35' title='bbox 1639 1215 1792 1296; x_wconf 84' lang='lat' dir='ltr'>expensis</span> 
     </span>
     <span class='ocr_line' id='line_1_6' title="bbox 237 1324 699 1387; baseline 0 -1"><span class='ocrx_word' id='word_1_36' title='bbox 237 1324 440 1386; x_wconf 88' lang='lat' dir='ltr'>donaverunt</span> <span class='ocrx_word' id='word_1_37' title='bbox 464 1333 541 1387; x_wconf 89' lang='lat' dir='ltr'>octo</span> <span class='ocrx_word' id='word_1_38' title='bbox 566 1344 699 1386; x_wconf 90' lang='lat' dir='ltr'>marcas.</span> 
     </span>
    </p>
   </div>
   <div class='ocr_carea' id='block_1_4' title="bbox 451 1587 1106 1669">
    <p class='ocr_par' dir='ltr' id='par_1_4' title="bbox 451 1587 1106 1669">
     <span class='ocr_line' id='line_1_7' title="bbox 451 1587 1106 1669; baseline -0.003 -19"><span class='ocrx_word' id='word_1_39' title='bbox 451 1588 495 1650; x_wconf 93' lang='lat' dir='ltr'>A.</span> <span class='ocrx_word' id='word_1_40' title='bbox 525 1593 623 1668; x_wconf 94' lang='lat'>1478,</span> <span class='ocrx_word' id='word_1_41' title='bbox 648 1588 792 1669; x_wconf 83' lang='lat' dir='ltr'>Augusti</span> <span class='ocrx_word' id='word_1_42' title='bbox 820 1606 874 1666; x_wconf 89' lang='lat'>14,</span> <span class='ocrx_word' id='word_1_43' title='bbox 898 1589 928 1650; x_wconf 93' lang='lat' dir='ltr'>in</span> <span class='ocrx_word' id='word_1_44' title='bbox 953 1587 1106 1669; x_wconf 88' lang='lat' dir='ltr'>capitulo.</span> 
     </span>
    </p>
   </div>
   <div class='ocr_carea' id='block_1_5' title="bbox 237 1745 1792 2367">
    <p class='ocr_par' dir='ltr' id='par_1_5' title="bbox 237 1745 1792 2367">
     <span class='ocr_line' id='line_1_8' title="bbox 345 1745 1791 1828; baseline -0.006 -15"><span class='ocrx_word' id='word_1_45' title='bbox 345 1745 433 1813; x_wconf 81' lang='grc'><strong>663.</strong></span> <span class='ocrx_word' id='word_1_46' title='bbox 467 1748 535 1828; x_wconf 88' lang='lat' dir='ltr'>(lV.</span> <span class='ocrx_word' id='word_1_47' title='bbox 563 1749 638 1828; x_wconf 79' lang='lat'><strong>24⁰).</strong></span> <span class='ocrx_word' id='word_1_48' title='bbox 670 1749 793 1811; x_wconf 88' lang='lat' dir='ltr'>Ibidem</span> <span class='ocrx_word' id='word_1_49' title='bbox 824 1769 932 1811; x_wconf 89' lang='lat' dir='ltr'>vener.</span> <span class='ocrx_word' id='word_1_50' title='bbox 959 1749 1041 1810; x_wconf 90' lang='lat' dir='ltr'>dnus</span> <span class='ocrx_word' id='word_1_51' title='bbox 1065 1749 1177 1810; x_wconf 90' lang='lat' dir='ltr'>Petrus</span> <span class='ocrx_word' id='word_1_52' title='bbox 1201 1747 1241 1808; x_wconf 91' lang='lat' dir='ltr'>de</span> <span class='ocrx_word' id='word_1_53' title='bbox 1266 1746 1395 1828; x_wconf 90' lang='lat' dir='ltr'>Radlyn</span> <span class='ocrx_word' id='word_1_54' title='bbox 1421 1747 1628 1808; x_wconf 87' lang='lat' dir='ltr'>cancellarius</span> <span class='ocrx_word' id='word_1_55' title='bbox 1652 1745 1791 1807; x_wconf 87' lang='lat' dir='ltr'>Poznan.</span> 
     </span>
     <span class='ocr_line' id='line_1_9' title="bbox 237 1854 1792 1936; baseline -0.003 -20"><span class='ocrx_word' id='word_1_56' title='bbox 237 1855 350 1936; x_wconf 86' lang='lat' dir='ltr'>vigore</span> <span class='ocrx_word' id='word_1_57' title='bbox 375 1857 542 1918; x_wconf 92' lang='lat' dir='ltr'>credencie</span> <span class='ocrx_word' id='word_1_58' title='bbox 566 1857 671 1936; x_wconf 90' lang='lat' dir='ltr'>Regie</span> <span class='ocrx_word' id='word_1_59' title='bbox 695 1856 773 1918; x_wconf 91' lang='lat' dir='ltr'>Mtis</span> <span class='ocrx_word' id='word_1_60' title='bbox 797 1857 837 1917; x_wconf 90' lang='lat' dir='ltr'>ad</span> <span class='ocrx_word' id='word_1_61' title='bbox 862 1855 981 1917; x_wconf 90' lang='lat' dir='ltr'>Rmum</span> <span class='ocrx_word' id='word_1_62' title='bbox 1007 1866 1133 1935; x_wconf 90' lang='lat' dir='ltr'>patrem</span> <span class='ocrx_word' id='word_1_63' title='bbox 1158 1855 1258 1915; x_wconf 90' lang='lat' dir='ltr'>dnum</span> <span class='ocrx_word' id='word_1_64' title='bbox 1281 1854 1388 1933; x_wconf 90' lang='lat' dir='ltr'>Epum</span> <span class='ocrx_word' id='word_1_65' title='bbox 1414 1864 1447 1914; x_wconf 88' lang='lat' dir='ltr'>et</span> <span class='ocrx_word' id='word_1_66' title='bbox 1470 1854 1646 1932; x_wconf 90' lang='lat' dir='ltr'>capitulum</span> <span class='ocrx_word' id='word_1_67' title='bbox 1671 1854 1792 1932; x_wconf 85' lang='lat' dir='ltr'><strong>scripte</strong></span> 
     </span>
     <span class='ocr_line' id='line_1_10' title="bbox 238 1955 1792 2044; baseline -0.003 -21"><span class='ocrx_word' id='word_1_68' title='bbox 238 1965 368 2024; x_wconf 89' lang='lat' dir='ltr'>nomine</span> <span class='ocrx_word' id='word_1_69' title='bbox 393 1962 507 2043; x_wconf 84' lang='lat' dir='ltr'>prefati</span> <span class='ocrx_word' id='word_1_70' title='bbox 532 1962 600 2025; x_wconf 87' lang='lat' dir='ltr'>Smi</span> <span class='ocrx_word' id='word_1_71' title='bbox 624 1964 677 2025; x_wconf 91' lang='lat' dir='ltr'>dni</span> <span class='ocrx_word' id='word_1_72' title='bbox 701 1963 803 2044; x_wconf 89' lang='lat' dir='ltr'>Regis</span> <span class='ocrx_word' id='word_1_73' title='bbox 827 1963 915 2025; x_wconf 93' lang='lat' dir='ltr'>dicto</span> <span class='ocrx_word' id='word_1_74' title='bbox 940 1964 1004 2023; x_wconf 91' lang='lat' dir='ltr'>dno</span> <span class='ocrx_word' id='word_1_75' title='bbox 1029 1962 1102 2042; x_wconf 90' lang='lat' dir='ltr'>Epo</span> <span class='ocrx_word' id='word_1_76' title='bbox 1126 1971 1159 2023; x_wconf 91' lang='lat' dir='ltr'>et</span> <span class='ocrx_word' id='word_1_77' title='bbox 1184 1961 1317 2040; x_wconf 87' lang='lat' dir='ltr'>prelatis</span> <span class='ocrx_word' id='word_1_78' title='bbox 1341 1971 1373 2022; x_wconf 91' lang='lat' dir='ltr'>et</span> <span class='ocrx_word' id='word_1_79' title='bbox 1390 1961 1553 2021; x_wconf 89' lang='lat' dir='ltr'>canonicis</span> <span class='ocrx_word' id='word_1_80' title='bbox 1571 1958 1714 2032; x_wconf 88' lang='lat' dir='ltr'><strong>inhibuit,</strong></span> <span class='ocrx_word' id='word_1_81' title='bbox 1740 1955 1792 2041; x_wconf 79' lang='lat' dir='ltr'>[ne</span> 
     </span>
     <span class='ocr_line' id='line_1_11' title="bbox 238 2065 1792 2152; baseline -0.003 -22"><span class='ocrx_word' id='word_1_82' title='bbox 238 2069 421 2152; x_wconf 86' lang='lat' dir='ltr'>processus]</span> <span class='ocrx_word' id='word_1_83' title='bbox 446 2071 486 2131; x_wconf 94' lang='lat' dir='ltr'>de</span> <span class='ocrx_word' id='word_1_84' title='bbox 510 2071 597 2132; x_wconf 91' lang='lat' dir='ltr'>curia</span> <span class='ocrx_word' id='word_1_85' title='bbox 621 2071 772 2132; x_wconf 91' lang='lat' dir='ltr'>Romana</span> <span class='ocrx_word' id='word_1_86' title='bbox 796 2071 903 2133; x_wconf 88' lang='lat' dir='ltr'>illatos</span> <span class='ocrx_word' id='word_1_87' title='bbox 927 2090 1024 2150; x_wconf 90' lang='lat' dir='ltr'>super</span> <span class='ocrx_word' id='word_1_88' title='bbox 1048 2067 1211 2130; x_wconf 84' lang='lat' dir='ltr'>beneficiis</span> <span class='ocrx_word' id='word_1_89' title='bbox 1235 2068 1311 2129; x_wconf 91' lang='lat' dir='ltr'>olim</span> <span class='ocrx_word' id='word_1_90' title='bbox 1336 2067 1390 2129; x_wconf 92' lang='lat' dir='ltr'>dni</span> <span class='ocrx_word' id='word_1_91' title='bbox 1414 2067 1522 2128; x_wconf 90' lang='lat' dir='ltr'>lacobi</span> <span class='ocrx_word' id='word_1_92' title='bbox 1548 2066 1661 2128; x_wconf 91' lang='lat' dir='ltr'>Kooth</span> <span class='ocrx_word' id='word_1_93' title='bbox 1679 2065 1792 2127; x_wconf 91' lang='lat' dir='ltr'>decani</span> 
     </span>
     <span class='ocr_line' id='line_1_12' title="bbox 238 2171 1792 2258; baseline -0.003 -20"><span class='ocrx_word' id='word_1_94' title='bbox 238 2174 358 2239; x_wconf 87' lang='lat' dir='ltr'>Gnezn.</span> <span class='ocrx_word' id='word_1_95' title='bbox 383 2179 501 2258; x_wconf 85' lang='lat' dir='ltr'>exequi</span> <span class='ocrx_word' id='word_1_96' title='bbox 524 2177 665 2240; x_wconf 90' lang='lat' dir='ltr'>audeant</span> <span class='ocrx_word' id='word_1_97' title='bbox 689 2179 750 2240; x_wconf 90' lang='lat' dir='ltr'>sub</span> <span class='ocrx_word' id='word_1_98' title='bbox 775 2179 911 2240; x_wconf 93' lang='lat' dir='ltr'>obtentu</span> <span class='ocrx_word' id='word_1_99' title='bbox 937 2178 1044 2257; x_wconf 83' lang='lat' dir='ltr'>gracie</span> <span class='ocrx_word' id='word_1_100' title='bbox 1069 2177 1172 2256; x_wconf 86' lang='lat' dir='ltr'>regie;</span> <span class='ocrx_word' id='word_1_101' title='bbox 1197 2171 1286 2255; x_wconf 88' lang='lat' dir='ltr'>quod</span> <span class='ocrx_word' id='word_1_102' title='bbox 1310 2175 1336 2236; x_wconf 92' lang='lat' dir='ltr'>si</span> <span class='ocrx_word' id='word_1_103' title='bbox 1361 2194 1454 2236; x_wconf 88' lang='lat' dir='ltr'>secus</span> <span class='ocrx_word' id='word_1_104' title='bbox 1477 2183 1620 2255; x_wconf 86' lang='lat' dir='ltr'>agerent,</span> <span class='ocrx_word' id='word_1_105' title='bbox 1646 2173 1792 2236; x_wconf 91' lang='lat' dir='ltr'>dubitare</span> 
     </span>
     <span class='ocr_line' id='line_1_13' title="bbox 238 2284 1188 2367; baseline -0.003 -22"><span class='ocrx_word' id='word_1_106' title='bbox 238 2303 303 2345; x_wconf 91' lang='lat' dir='ltr'>non</span> <span class='ocrx_word' id='word_1_107' title='bbox 328 2284 501 2358; x_wconf 89' lang='lat' dir='ltr'>deberent,</span> <span class='ocrx_word' id='word_1_108' title='bbox 526 2285 788 2367; x_wconf 85' lang='lat' dir='ltr'>indignacionem</span> <span class='ocrx_word' id='word_1_109' title='bbox 812 2305 869 2346; x_wconf 89' lang='lat' dir='ltr'>sue</span> <span class='ocrx_word' id='word_1_110' title='bbox 894 2284 971 2346; x_wconf 89' lang='lat' dir='ltr'>Mtis</span> <span class='ocrx_word' id='word_1_111' title='bbox 995 2285 1188 2344; x_wconf 83' lang='lat' dir='ltr'>incursuros</span> 
     </span>
    </p>
   </div>
   <div class='ocr_carea' id='block_1_6' title="bbox 451 2546 1326 2628">
    <p class='ocr_par' dir='ltr' id='par_1_6' title="bbox 451 2546 1326 2628">
     <span class='ocr_line' id='line_1_14' title="bbox 451 2546 1326 2628; baseline -0.003 -18"><span class='ocrx_word' id='word_1_112' title='bbox 451 2549 494 2610; x_wconf 92' lang='lat' dir='ltr'>A.</span> <span class='ocrx_word' id='word_1_113' title='bbox 525 2551 623 2628; x_wconf 91' lang='lat'>1478,</span> <span class='ocrx_word' id='word_1_114' title='bbox 647 2549 843 2612; x_wconf 88' lang='lat' dir='ltr'>Novembris</span> <span class='ocrx_word' id='word_1_115' title='bbox 872 2567 926 2624; x_wconf 87' lang='lat'>12,</span> <span class='ocrx_word' id='word_1_116' title='bbox 951 2549 982 2610; x_wconf 91' lang='lat' dir='ltr'>in</span> <span class='ocrx_word' id='word_1_117' title='bbox 1007 2547 1150 2627; x_wconf 88' lang='lat' dir='ltr'>capitulo</span> <span class='ocrx_word' id='word_1_118' title='bbox 1175 2546 1326 2628; x_wconf 82' lang='lat' dir='ltr'>generali.</span> 
     </span>
    </p>
   </div>
   <div class='ocr_carea' id='block_1_7' title="bbox 238 2703 1814 3219">
    <p class='ocr_par' dir='ltr' id='par_1_7' title="bbox 238 2703 1814 3219">
     <span class='ocr_line' id='line_1_15' title="bbox 348 2703 1793 2789; baseline -0.006 -16"><span class='ocrx_word' id='word_1_119' title='bbox 348 2705 435 2773; x_wconf 88' lang='grc'><strong>664.</strong></span> <span class='ocrx_word' id='word_1_120' title='bbox 472 2709 541 2789; x_wconf 90' lang='lat' dir='ltr'>(lV.</span> <span class='ocrx_word' id='word_1_121' title='bbox 569 2709 630 2789; x_wconf 80' lang='lat'>26).</span> <span class='ocrx_word' id='word_1_122' title='bbox 666 2709 747 2772; x_wconf 90' lang='lat' dir='ltr'>Item</span> <span class='ocrx_word' id='word_1_123' title='bbox 780 2709 834 2769; x_wconf 94' lang='lat' dir='ltr'>dni</span> <span class='ocrx_word' id='word_1_124' title='bbox 864 2707 1012 2770; x_wconf 90' lang='lat' dir='ltr'>volentes</span> <span class='ocrx_word' id='word_1_125' title='bbox 1044 2727 1078 2768; x_wconf 92' lang='lat' dir='ltr'>se</span> <span class='ocrx_word' id='word_1_126' title='bbox 1110 2706 1313 2768; x_wconf 81' lang='lat' dir='ltr'>conformare</span> <span class='ocrx_word' id='word_1_127' title='bbox 1344 2725 1416 2765; x_wconf 90' lang='lat' dir='ltr'>cum</span> <span class='ocrx_word' id='word_1_128' title='bbox 1448 2703 1584 2765; x_wconf 90' lang='lat' dir='ltr'>ecclesia</span> <span class='ocrx_word' id='word_1_129' title='bbox 1616 2714 1649 2766; x_wconf 90' lang='lat' dir='ltr'>et</span> <span class='ocrx_word' id='word_1_130' title='bbox 1672 2703 1793 2764; x_wconf 89' lang='lat' dir='ltr'>diocesi</span> 
     </span>
     <span class='ocr_line' id='line_1_16' title="bbox 239 2809 1814 2897; baseline -0.004 -19"><span class='ocrx_word' id='word_1_131' title='bbox 239 2817 494 2897; x_wconf 90' lang='lat' dir='ltr'>metropolitana</span> <span class='ocrx_word' id='word_1_132' title='bbox 525 2827 724 2888; x_wconf 89' lang='lat' dir='ltr'>statuerunt,</span> <span class='ocrx_word' id='word_1_133' title='bbox 756 2827 790 2878; x_wconf 92' lang='lat' dir='ltr'>ut</span> <span class='ocrx_word' id='word_1_134' title='bbox 823 2835 881 2896; x_wconf 87' lang='lat' dir='ltr'>per</span> <span class='ocrx_word' id='word_1_135' title='bbox 913 2826 1015 2876; x_wconf 86' lang='lat' dir='ltr'>totam</span> <span class='ocrx_word' id='word_1_136' title='bbox 1049 2814 1201 2875; x_wconf 86' lang='lat' dir='ltr'>diocesim</span> <span class='ocrx_word' id='word_1_137' title='bbox 1227 2813 1376 2874; x_wconf 89' lang='lat' dir='ltr'>omnibus</span> <span class='ocrx_word' id='word_1_138' title='bbox 1400 2811 1547 2890; x_wconf 91' lang='lat' dir='ltr'>personis</span> <span class='ocrx_word' id='word_1_139' title='bbox 1572 2809 1814 2890; x_wconf 89' lang='lat' dir='ltr'>spiritualibus·</span> 
     </span>
     <span class='ocr_line' id='line_1_17' title="bbox 238 2918 1792 3004; baseline -0.005 -20"><span class='ocrx_word' id='word_1_140' title='bbox 238 2943 340 2985; x_wconf 91' lang='lat' dir='ltr'>annus</span> <span class='ocrx_word' id='word_1_141' title='bbox 364 2926 471 3004; x_wconf 89' lang='lat' dir='ltr'>gracie</span> <span class='ocrx_word' id='word_1_142' title='bbox 496 2936 640 2986; x_wconf 90' lang='lat' dir='ltr'>servetur</span> <span class='ocrx_word' id='word_1_143' title='bbox 665 2935 697 2988; x_wconf 91' lang='lat' dir='ltr'>et</span> <span class='ocrx_word' id='word_1_144' title='bbox 721 2935 877 2994; x_wconf 90' lang='lat' dir='ltr'>teneatur,</span> <span class='ocrx_word' id='word_1_145' title='bbox 910 2932 1006 3002; x_wconf 91' lang='lat' dir='ltr'>prout</span> <span class='ocrx_word' id='word_1_146' title='bbox 1035 2931 1199 2982; x_wconf 91' lang='lat' dir='ltr'>statuta</span> <span class='ocrx_word' id='word_1_147' title='bbox 1232 2919 1521 2998; x_wconf 88' lang='lat' dir='ltr'>provincialia</span> <span class='ocrx_word' id='word_1_148' title='bbox 1552 2918 1730 2997; x_wconf 88' lang='lat' dir='ltr'>disponunt</span> <span class='ocrx_word' id='word_1_149' title='bbox 1758 2927 1792 2977; x_wconf 90' lang='lat' dir='ltr'>et</span> 
     </span>
     <span class='ocr_line' id='line_1_18' title="bbox 238 3023 1791 3113; baseline -0.006 -21"><span class='ocrx_word' id='word_1_150' title='bbox 238 3031 440 3094; x_wconf 88' lang='lat' dir='ltr'>consuetudo</span> <span class='ocrx_word' id='word_1_151' title='bbox 464 3032 495 3092; x_wconf 92' lang='lat' dir='ltr'>in</span> <span class='ocrx_word' id='word_1_152' title='bbox 519 3031 655 3094; x_wconf 88' lang='lat' dir='ltr'>ecclesia</span> <span class='ocrx_word' id='word_1_153' title='bbox 680 3030 801 3092; x_wconf 89' lang='lat' dir='ltr'>Gnezn.</span> <span class='ocrx_word' id='word_1_154' title='bbox 829 3031 1031 3113; x_wconf 83' lang='lat' dir='ltr'>practicatur,</span> <span class='ocrx_word' id='word_1_155' title='bbox 1064 3028 1105 3090; x_wconf 91' lang='lat' dir='ltr'>ad</span> <span class='ocrx_word' id='word_1_156' title='bbox 1138 3047 1235 3108; x_wconf 88' lang='lat' dir='ltr'>quam</span> <span class='ocrx_word' id='word_1_157' title='bbox 1266 3047 1301 3089; x_wconf 90' lang='lat' dir='ltr'>se</span> <span class='ocrx_word' id='word_1_158' title='bbox 1326 3024 1442 3087; x_wconf 79' lang='lat' dir='ltr'>referre</span> <span class='ocrx_word' id='word_1_159' title='bbox 1466 3025 1637 3087; x_wconf 90' lang='lat' dir='ltr'>voluerunt</span> <span class='ocrx_word' id='word_1_160' title='bbox 1662 3023 1791 3094; x_wconf 90' lang='lat' dir='ltr'>domini,</span> 
     </span>
     <span class='ocr_line' id='line_1_19' title="bbox 239 3137 878 3219; baseline 0 -19"><span class='ocrx_word' id='word_1_161' title='bbox 239 3138 293 3200; x_wconf 92' lang='lat' dir='ltr'>ubi</span> <span class='ocrx_word' id='word_1_162' title='bbox 316 3148 473 3202; x_wconf 90' lang='lat' dir='ltr'>statutum</span> <span class='ocrx_word' id='word_1_163' title='bbox 498 3137 649 3201; x_wconf 88' lang='lat' dir='ltr'>deficeret</span> <span class='ocrx_word' id='word_1_164' title='bbox 673 3138 878 3219; x_wconf 90' lang='lat' dir='ltr'>provinciale.</span> 
     </span>
    </p>
   </div>
   <div class='ocr_carea' id='block_1_8' title="bbox 451 3401 1076 3482">
    <p class='ocr_par' dir='ltr' id='par_1_8' title="bbox 451 3401 1076 3482">
     <span class='ocr_line' id='line_1_20' title="bbox 451 3401 1076 3482; baseline -0.003 -19"><span class='ocrx_word' id='word_1_165' title='bbox 451 3402 495 3463; x_wconf 90' lang='lat' dir='ltr'>A.</span> <span class='ocrx_word' id='word_1_166' title='bbox 525 3417 623 3481; x_wconf 90' lang='lat'>1479,</span> <span class='ocrx_word' id='word_1_167' title='bbox 649 3401 784 3464; x_wconf 87' lang='lat' dir='ltr'>ianuarii</span> <span class='ocrx_word' id='word_1_168' title='bbox 812 3417 845 3480; x_wconf 84' lang='lat'>5,</span> <span class='ocrx_word' id='word_1_169' title='bbox 871 3402 902 3463; x_wconf 94' lang='lat' dir='ltr'>in</span> <span class='ocrx_word' id='word_1_170' title='bbox 926 3401 1076 3482; x_wconf 87' lang='lat' dir='ltr'>capitulo.</span> 
     </span>
    </p>
   </div>
   <div class='ocr_carea' id='block_1_9' title="bbox 237 3555 1794 5352">
    <p class='ocr_par' dir='ltr' id='par_1_9' title="bbox 237 3555 1794 5352">
     <span class='ocr_line' id='line_1_21' title="bbox 346 3555 1790 3641; baseline -0.006 -16"><span class='ocrx_word' id='word_1_171' title='bbox 346 3556 432 3625; x_wconf 86' lang='grc'><strong>665.</strong></span> <span class='ocrx_word' id='word_1_172' title='bbox 459 3560 526 3641; x_wconf 88' lang='lat' dir='ltr'>(lV.</span> <span class='ocrx_word' id='word_1_173' title='bbox 553 3561 617 3640; x_wconf 88' lang='lat'>27).</span> <span class='ocrx_word' id='word_1_174' title='bbox 647 3561 797 3623; x_wconf 87' lang='lat' dir='ltr'>Andreas</span> <span class='ocrx_word' id='word_1_175' title='bbox 822 3563 862 3622; x_wconf 91' lang='lat' dir='ltr'>de</span> <span class='ocrx_word' id='word_1_176' title='bbox 886 3561 980 3640; x_wconf 89' lang='lat' dir='ltr'>Bnyn</span> <span class='ocrx_word' id='word_1_177' title='bbox 1005 3561 1128 3622; x_wconf 90' lang='lat' dir='ltr'>electus</span> <span class='ocrx_word' id='word_1_178' title='bbox 1153 3560 1183 3619; x_wconf 93' lang='lat' dir='ltr'>in</span> <span class='ocrx_word' id='word_1_179' title='bbox 1208 3558 1315 3637; x_wconf 87' lang='lat' dir='ltr'>Epum</span> <span class='ocrx_word' id='word_1_180' title='bbox 1347 3560 1426 3635; x_wconf 85' lang='lat'>1438</span> <span class='ocrx_word' id='word_1_181' title='bbox 1452 3567 1547 3618; x_wconf 89' lang='lat' dir='ltr'>sexta</span> <span class='ocrx_word' id='word_1_182' title='bbox 1570 3556 1713 3628; x_wconf 90' lang='lat' dir='ltr'>Ianuarii,</span> <span class='ocrx_word' id='word_1_183' title='bbox 1739 3555 1790 3617; x_wconf 92' lang='lat' dir='ltr'>die</span> 
     </span>
     <span class='ocr_line' id='line_1_22' title="bbox 238 3662 1792 3750; baseline -0.003 -22"><span class='ocrx_word' id='word_1_184' title='bbox 238 3666 330 3728; x_wconf 93' lang='lat' dir='ltr'>Lune</span> <span class='ocrx_word' id='word_1_185' title='bbox 353 3667 431 3729; x_wconf 93' lang='lat' dir='ltr'>XXl</span> <span class='ocrx_word' id='word_1_186' title='bbox 456 3668 523 3728; x_wconf 92' lang='lat' dir='ltr'>lulii</span> <span class='ocrx_word' id='word_1_187' title='bbox 548 3689 604 3749; x_wconf 91' lang='lat' dir='ltr'>per</span> <span class='ocrx_word' id='word_1_188' title='bbox 628 3669 810 3750; x_wconf 84' lang='lat' dir='ltr'>Eugenium</span> <span class='ocrx_word' id='word_1_189' title='bbox 836 3668 881 3729; x_wconf 94' lang='lat' dir='ltr'>lV</span> <span class='ocrx_word' id='word_1_190' title='bbox 907 3669 1138 3747; x_wconf 89' lang='lat' dir='ltr'>pronunciatus</span> <span class='ocrx_word' id='word_1_191' title='bbox 1162 3665 1443 3743; x_wconf 87' lang='lat' dir='ltr'>confirmatusque,</span> <span class='ocrx_word' id='word_1_192' title='bbox 1481 3681 1563 3742; x_wconf 88' lang='lat'>1439</span> <span class='ocrx_word' id='word_1_193' title='bbox 1595 3665 1625 3724; x_wconf 92' lang='lat' dir='ltr'>in</span> <span class='ocrx_word' id='word_1_194' title='bbox 1650 3662 1792 3743; x_wconf 88' lang='lat' dir='ltr'>Calysch</span> 
     </span>
     <span class='ocr_line' id='line_1_23' title="bbox 238 3770 1792 3854; baseline -0.003 -20"><span class='ocrx_word' id='word_1_195' title='bbox 238 3795 297 3854; x_wconf 93' lang='lat' dir='ltr'>per</span> <span class='ocrx_word' id='word_1_196' title='bbox 321 3773 531 3836; x_wconf 90' lang='lat' dir='ltr'>Vincencium</span> <span class='ocrx_word' id='word_1_197' title='bbox 557 3773 672 3836; x_wconf 89' lang='lat' dir='ltr'>Kooth</span> <span class='ocrx_word' id='word_1_198' title='bbox 696 3775 882 3854; x_wconf 91' lang='lat' dir='ltr'>archiepum</span> <span class='ocrx_word' id='word_1_199' title='bbox 908 3773 1029 3836; x_wconf 87' lang='lat' dir='ltr'>Gnezn.</span> <span class='ocrx_word' id='word_1_200' title='bbox 1054 3783 1273 3834; x_wconf 82' lang='lat' dir='ltr'>consecratus,</span> <span class='ocrx_word' id='word_1_201' title='bbox 1315 3771 1375 3832; x_wconf 92' lang='lat' dir='ltr'>Die</span> <span class='ocrx_word' id='word_1_202' title='bbox 1399 3771 1512 3832; x_wconf 90' lang='lat' dir='ltr'>Martis</span> <span class='ocrx_word' id='word_1_203' title='bbox 1537 3772 1648 3851; x_wconf 91' lang='lat' dir='ltr'>quinta</span> <span class='ocrx_word' id='word_1_204' title='bbox 1672 3770 1792 3831; x_wconf 88' lang='lat' dir='ltr'>mensis</span> 
     </span>
     <span class='ocr_line' id='line_1_24' title="bbox 238 3875 1792 3962; baseline -0.002 -21"><span class='ocrx_word' id='word_1_205' title='bbox 238 3880 373 3942; x_wconf 85' lang='lat' dir='ltr'>ianuarii</span> <span class='ocrx_word' id='word_1_206' title='bbox 397 3881 475 3943; x_wconf 92' lang='lat' dir='ltr'>hora</span> <span class='ocrx_word' id='word_1_207' title='bbox 499 3894 613 3962; x_wconf 88' lang='lat' dir='ltr'>quarta</span> <span class='ocrx_word' id='word_1_208' title='bbox 639 3883 743 3945; x_wconf 89' lang='lat' dir='ltr'>noctis</span> <span class='ocrx_word' id='word_1_209' title='bbox 768 3883 932 3962; x_wconf 91' lang='lat' dir='ltr'>sequentis</span> <span class='ocrx_word' id='word_1_210' title='bbox 956 3881 1059 3942; x_wconf 89' lang='lat' dir='ltr'>Rmus</span> <span class='ocrx_word' id='word_1_211' title='bbox 1082 3890 1176 3961; x_wconf 87' lang='lat' dir='ltr'>pater</span> <span class='ocrx_word' id='word_1_212' title='bbox 1207 3879 1290 3940; x_wconf 87' lang='lat' dir='ltr'>dnus</span> <span class='ocrx_word' id='word_1_213' title='bbox 1319 3879 1470 3939; x_wconf 88' lang='lat' dir='ltr'>Andreas</span> <span class='ocrx_word' id='word_1_214' title='bbox 1502 3877 1542 3938; x_wconf 92' lang='lat' dir='ltr'>de</span> <span class='ocrx_word' id='word_1_215' title='bbox 1573 3877 1669 3956; x_wconf 90' lang='lat' dir='ltr'>Bnyn</span> <span class='ocrx_word' id='word_1_216' title='bbox 1701 3875 1792 3956; x_wconf 86' lang='lat' dir='ltr'>Epus</span> 
     </span>
     <span class='ocr_line' id='line_1_25' title="bbox 239 3983 1793 4070; baseline -0.003 -21"><span class='ocrx_word' id='word_1_217' title='bbox 239 3987 378 4051; x_wconf 91' lang='lat' dir='ltr'>Poznan.</span> <span class='ocrx_word' id='word_1_218' title='bbox 403 4009 508 4051; x_wconf 90' lang='lat' dir='ltr'>annos</span> <span class='ocrx_word' id='word_1_219' title='bbox 530 3989 595 4050; x_wconf 94' lang='lat' dir='ltr'>duo</span> <span class='ocrx_word' id='word_1_220' title='bbox 620 3989 660 4051; x_wconf 91' lang='lat' dir='ltr'>de</span> <span class='ocrx_word' id='word_1_221' title='bbox 685 3991 853 4070; x_wconf 88' lang='lat' dir='ltr'>octoginta</span> <span class='ocrx_word' id='word_1_222' title='bbox 878 3989 928 4050; x_wconf 93' lang='lat' dir='ltr'>vel</span> <span class='ocrx_word' id='word_1_223' title='bbox 953 3989 1036 4049; x_wconf 92' lang='lat' dir='ltr'>circa</span> <span class='ocrx_word' id='word_1_224' title='bbox 1061 3999 1168 4058; x_wconf 89' lang='lat' dir='ltr'>natus,</span> <span class='ocrx_word' id='word_1_225' title='bbox 1192 3986 1232 4048; x_wconf 91' lang='lat' dir='ltr'>ab</span> <span class='ocrx_word' id='word_1_226' title='bbox 1258 3985 1416 4047; x_wconf 86' lang='lat' dir='ltr'>electione</span> <span class='ocrx_word' id='word_1_227' title='bbox 1448 3987 1479 4045; x_wconf 91' lang='lat' dir='ltr'>in</span> <span class='ocrx_word' id='word_1_228' title='bbox 1505 3983 1703 4064; x_wconf 85' lang='lat' dir='ltr'>pontificium</span> <span class='ocrx_word' id='word_1_229' title='bbox 1728 4003 1793 4044; x_wconf 92' lang='lat' dir='ltr'>uno</span> 
     </span>
     <span class='ocr_line' id='line_1_26' title="bbox 240 4092 1790 4177; baseline -0.003 -21"><span class='ocrx_word' id='word_1_230' title='bbox 240 4106 273 4156; x_wconf 91' lang='lat' dir='ltr'>et</span> <span class='ocrx_word' id='word_1_231' title='bbox 298 4096 518 4177; x_wconf 88' lang='lat' dir='ltr'>quadraginta,</span> <span class='ocrx_word' id='word_1_232' title='bbox 543 4098 654 4177; x_wconf 88' lang='lat' dir='ltr'>paucis</span> <span class='ocrx_word' id='word_1_233' title='bbox 678 4097 791 4158; x_wconf 90' lang='lat' dir='ltr'>diebus</span> <span class='ocrx_word' id='word_1_234' title='bbox 815 4097 964 4177; x_wconf 93' lang='lat' dir='ltr'>demptis,</span> <span class='ocrx_word' id='word_1_235' title='bbox 987 4095 1079 4156; x_wconf 91' lang='lat' dir='ltr'>annis</span> <span class='ocrx_word' id='word_1_236' title='bbox 1096 4095 1127 4156; x_wconf 90' lang='lat' dir='ltr'>in</span> <span class='ocrx_word' id='word_1_237' title='bbox 1144 4095 1335 4174; x_wconf 87' lang='lat' dir='ltr'>episcopatu</span> <span class='ocrx_word' id='word_1_238' title='bbox 1352 4092 1555 4154; x_wconf 88' lang='lat' dir='ltr'>laudabiliter</span> <span class='ocrx_word' id='word_1_239' title='bbox 1571 4102 1790 4162; x_wconf 90' lang='lat' dir='ltr'>conversatus,</span> 
     </span>
     <span class='ocr_line' id='line_1_27' title="bbox 239 4197 1792 4282; baseline -0.003 -20"><span class='ocrx_word' id='word_1_240' title='bbox 239 4221 305 4263; x_wconf 90' lang='lat' dir='ltr'>non</span> <span class='ocrx_word' id='word_1_241' title='bbox 328 4203 437 4282; x_wconf 90' lang='lat' dir='ltr'>aliquo</span> <span class='ocrx_word' id='word_1_242' title='bbox 461 4203 576 4264; x_wconf 90' lang='lat' dir='ltr'>morbo</span> <span class='ocrx_word' id='word_1_243' title='bbox 605 4204 662 4264; x_wconf 90' lang='lat' dir='ltr'>sed</span> <span class='ocrx_word' id='word_1_244' title='bbox 685 4203 805 4265; x_wconf 80' lang='lat' dir='ltr'>fractus</span> <span class='ocrx_word' id='word_1_245' title='bbox 837 4205 936 4274; x_wconf 89' lang='lat' dir='ltr'>senio,</span> <span class='ocrx_word' id='word_1_246' title='bbox 969 4214 1182 4282; x_wconf 85' lang='lat' dir='ltr'>posteaquam</span> <span class='ocrx_word' id='word_1_247' title='bbox 1215 4210 1446 4262; x_wconf 89' lang='lat' dir='ltr'>testamentum</span> <span class='ocrx_word' id='word_1_248' title='bbox 1472 4197 1649 4260; x_wconf 85' lang='lat' dir='ltr'>officiosum</span> <span class='ocrx_word' id='word_1_249' title='bbox 1674 4197 1792 4270; x_wconf 90' lang='lat' dir='ltr'>secerit,</span> 
     </span>
     <span class='ocr_line' id='line_1_28' title="bbox 238 4305 1792 4389; baseline -0.003 -19"><span class='ocrx_word' id='word_1_250' title='bbox 238 4311 447 4372; x_wconf 80' lang='lat' dir='ltr'>sacramentis</span> <span class='ocrx_word' id='word_1_251' title='bbox 471 4311 696 4371; x_wconf 87' lang='lat' dir='ltr'>ecclesiasticis</span> <span class='ocrx_word' id='word_1_252' title='bbox 720 4311 881 4371; x_wconf 88' lang='lat' dir='ltr'>iniunctus</span> <span class='ocrx_word' id='word_1_253' title='bbox 906 4308 1048 4389; x_wconf 89' lang='lat' dir='ltr'>prelatos</span> <span class='ocrx_word' id='word_1_254' title='bbox 1080 4319 1112 4370; x_wconf 91' lang='lat' dir='ltr'>et</span> <span class='ocrx_word' id='word_1_255' title='bbox 1144 4308 1318 4368; x_wconf 90' lang='lat' dir='ltr'>canonicos</span> <span class='ocrx_word' id='word_1_256' title='bbox 1350 4305 1391 4367; x_wconf 91' lang='lat' dir='ltr'>ad</span> <span class='ocrx_word' id='word_1_257' title='bbox 1423 4325 1458 4367; x_wconf 90' lang='lat' dir='ltr'>se</span> <span class='ocrx_word' id='word_1_258' title='bbox 1490 4314 1626 4366; x_wconf 86' lang='lat' dir='ltr'>vocatos</span> <span class='ocrx_word' id='word_1_259' title='bbox 1659 4305 1792 4384; x_wconf 90' lang='lat' dir='ltr'>placidis</span> 
     </span>
     <span class='ocr_line' id='line_1_29' title="bbox 238 4412 1793 4494; baseline -0.005 -16"><span class='ocrx_word' id='word_1_260' title='bbox 238 4435 450 4478; x_wconf 91' lang='lat' dir='ltr'>commonens</span> <span class='ocrx_word' id='word_1_261' title='bbox 466 4416 589 4494; x_wconf 87' lang='lat' dir='ltr'>verbis,</span> <span class='ocrx_word' id='word_1_262' title='bbox 615 4427 648 4478; x_wconf 93' lang='lat' dir='ltr'>ut</span> <span class='ocrx_word' id='word_1_263' title='bbox 666 4419 748 4478; x_wconf 91' lang='lat' dir='ltr'>inter</span> <span class='ocrx_word' id='word_1_264' title='bbox 772 4437 807 4478; x_wconf 92' lang='lat' dir='ltr'>se</span> <span class='ocrx_word' id='word_1_265' title='bbox 831 4417 997 4477; x_wconf 86' lang='lat' dir='ltr'>caritatem</span> <span class='ocrx_word' id='word_1_266' title='bbox 1023 4413 1185 4486; x_wconf 89' lang='lat' dir='ltr'>soverent,</span> <span class='ocrx_word' id='word_1_267' title='bbox 1211 4412 1362 4475; x_wconf 90' lang='lat' dir='ltr'>scandala</span> <span class='ocrx_word' id='word_1_268' title='bbox 1387 4413 1542 4486; x_wconf 89' lang='lat' dir='ltr'>vitarent,</span> <span class='ocrx_word' id='word_1_269' title='bbox 1568 4422 1703 4482; x_wconf 83' lang='lat' dir='ltr'>statuta.</span> <span class='ocrx_word' id='word_1_270' title='bbox 1730 4431 1793 4490; x_wconf 90' lang='lat' dir='ltr'>que</span> 
     </span>
     <span class='ocr_line' id='line_1_30' title="bbox 239 4517 1791 4600; baseline -0.005 -16"><span class='ocrx_word' id='word_1_271' title='bbox 239 4525 422 4584; x_wconf 89' lang='lat' dir='ltr'>iuraverunt</span> <span class='ocrx_word' id='word_1_272' title='bbox 445 4523 634 4594; x_wconf 86' lang='lat' dir='ltr'>observare,</span> <span class='ocrx_word' id='word_1_273' title='bbox 667 4534 830 4594; x_wconf 90' lang='lat' dir='ltr'>tenerent,</span> <span class='ocrx_word' id='word_1_274' title='bbox 862 4533 895 4583; x_wconf 91' lang='lat' dir='ltr'>et</span> <span class='ocrx_word' id='word_1_275' title='bbox 926 4542 1007 4594; x_wconf 91' lang='lat' dir='ltr'>non,</span> <span class='ocrx_word' id='word_1_276' title='bbox 1040 4532 1075 4583; x_wconf 92' lang='lat' dir='ltr'>ut</span> <span class='ocrx_word' id='word_1_277' title='bbox 1098 4541 1175 4600; x_wconf 90' lang='lat' dir='ltr'>sepe</span> <span class='ocrx_word' id='word_1_278' title='bbox 1199 4518 1427 4600; x_wconf 89' lang='lat' dir='ltr'>contingebat,</span> <span class='ocrx_word' id='word_1_279' title='bbox 1457 4517 1631 4589; x_wconf 87' lang='lat' dir='ltr'>violarent,</span> <span class='ocrx_word' id='word_1_280' title='bbox 1664 4519 1791 4596; x_wconf 93' lang='lat' dir='ltr'>optimo</span> 
     </span>
     <span class='ocr_line' id='line_1_31' title="bbox 239 4627 1793 4712; baseline -0.004 -22"><span class='ocrx_word' id='word_1_281' title='bbox 239 4631 356 4693; x_wconf 90' lang='lat' dir='ltr'>mentis</span> <span class='ocrx_word' id='word_1_282' title='bbox 380 4631 509 4712; x_wconf 85' lang='lat' dir='ltr'>vigore,</span> <span class='ocrx_word' id='word_1_283' title='bbox 535 4635 662 4692; x_wconf 88' lang='lat' dir='ltr'>racione</span> <span class='ocrx_word' id='word_1_284' title='bbox 687 4629 845 4710; x_wconf 82' lang='lat' dir='ltr'>perlecta,</span> <span class='ocrx_word' id='word_1_285' title='bbox 877 4628 939 4690; x_wconf 85' lang='lat' dir='ltr'>fide</span> <span class='ocrx_word' id='word_1_286' title='bbox 963 4627 1072 4690; x_wconf 87' lang='lat' dir='ltr'>firmus</span> <span class='ocrx_word' id='word_1_287' title='bbox 1104 4638 1136 4689; x_wconf 90' lang='lat' dir='ltr'>et</span> <span class='ocrx_word' id='word_1_288' title='bbox 1160 4647 1291 4688; x_wconf 90' lang='lat' dir='ltr'>securus</span> <span class='ocrx_word' id='word_1_289' title='bbox 1316 4647 1389 4706; x_wconf 91' lang='lat' dir='ltr'>spe,</span> <span class='ocrx_word' id='word_1_290' title='bbox 1420 4646 1486 4686; x_wconf 92' lang='lat' dir='ltr'>non</span> <span class='ocrx_word' id='word_1_291' title='bbox 1511 4627 1579 4687; x_wconf 90' lang='lat' dir='ltr'>sine</span> <span class='ocrx_word' id='word_1_292' title='bbox 1603 4635 1793 4686; x_wconf 89' lang='lat' dir='ltr'>cunctorum</span> 
     </span>
     <span class='ocr_line' id='line_1_32' title="bbox 238 4731 1792 4816; baseline -0.005 -19"><span class='ocrx_word' id='word_1_293' title='bbox 238 4757 364 4798; x_wconf 91' lang='lat' dir='ltr'>merore</span> <span class='ocrx_word' id='word_1_294' title='bbox 388 4735 428 4797; x_wconf 92' lang='lat' dir='ltr'>de</span> <span class='ocrx_word' id='word_1_295' title='bbox 452 4747 518 4798; x_wconf 90' lang='lat' dir='ltr'>tam</span> <span class='ocrx_word' id='word_1_296' title='bbox 544 4738 658 4816; x_wconf 92' lang='lat' dir='ltr'>optimi</span> <span class='ocrx_word' id='word_1_297' title='bbox 683 4737 822 4816; x_wconf 88' lang='lat' dir='ltr'>pastoris</span> <span class='ocrx_word' id='word_1_298' title='bbox 847 4746 952 4796; x_wconf 92' lang='lat' dir='ltr'>morte</span> <span class='ocrx_word' id='word_1_299' title='bbox 977 4737 1059 4796; x_wconf 91' lang='lat' dir='ltr'>iuste</span> <span class='ocrx_word' id='word_1_300' title='bbox 1085 4733 1302 4795; x_wconf 90' lang='lat' dir='ltr'>misericordie</span> <span class='ocrx_word' id='word_1_301' title='bbox 1335 4733 1511 4795; x_wconf 89' lang='lat' dir='ltr'>admodum</span> <span class='ocrx_word' id='word_1_302' title='bbox 1544 4734 1596 4812; x_wconf 93' lang='lat' dir='ltr'>pie</span> <span class='ocrx_word' id='word_1_303' title='bbox 1628 4731 1677 4811; x_wconf 83' lang='lat' dir='ltr'>(ea</span> <span class='ocrx_word' id='word_1_304' title='bbox 1708 4731 1792 4791; x_wconf 87' lang='lat' dir='ltr'>enim</span> 
     </span>
     <span class='ocr_line' id='line_1_33' title="bbox 238 4837 1793 4924; baseline -0.005 -19"><span class='ocrx_word' id='word_1_305' title='bbox 238 4847 378 4906; x_wconf 91' lang='lat' dir='ltr'>virtus..</span> <span class='ocrx_word' id='word_1_306' title='bbox 403 4844 511 4904; x_wconf 92' lang='lat' dir='ltr'>omnia</span> <span class='ocrx_word' id='word_1_307' title='bbox 534 4844 643 4906; x_wconf 91' lang='lat' dir='ltr'>valere</span> <span class='ocrx_word' id='word_1_308' title='bbox 668 4864 726 4924; x_wconf 91' lang='lat' dir='ltr'>per</span> <span class='ocrx_word' id='word_1_309' title='bbox 749 4853 860 4904; x_wconf 86' lang='lat' dir='ltr'>nostre</span> <span class='ocrx_word' id='word_1_310' title='bbox 886 4841 1047 4923; x_wconf 87' lang='lat' dir='ltr'>religionis</span> <span class='ocrx_word' id='word_1_311' title='bbox 1072 4841 1240 4902; x_wconf 91' lang='lat' dir='ltr'>doctorem</span> <span class='ocrx_word' id='word_1_312' title='bbox 1258 4839 1412 4902; x_wconf 88' lang='lat' dir='ltr'>celestem</span> <span class='ocrx_word' id='word_1_313' title='bbox 1433 4838 1580 4918; x_wconf 81' lang='lat' dir='ltr'>refertur)</span> <span class='ocrx_word' id='word_1_314' title='bbox 1605 4839 1668 4899; x_wconf 92' lang='lat' dir='ltr'>vite</span> <span class='ocrx_word' id='word_1_315' title='bbox 1686 4837 1793 4909; x_wconf 91' lang='lat' dir='ltr'>nitide,</span> 
     </span>
     <span class='ocr_line' id='line_1_34' title="bbox 239 4946 1793 5031; baseline -0.004 -19"><span class='ocrx_word' id='word_1_316' title='bbox 239 4952 441 5012; x_wconf 90' lang='lat' dir='ltr'>consciencie</span> <span class='ocrx_word' id='word_1_317' title='bbox 459 4971 552 5030; x_wconf 89' lang='lat' dir='ltr'>pure,</span> <span class='ocrx_word' id='word_1_318' title='bbox 579 4951 694 5031; x_wconf 87' lang='lat' dir='ltr'>plenus</span> <span class='ocrx_word' id='word_1_319' title='bbox 718 4951 847 5020; x_wconf 90' lang='lat' dir='ltr'>virtute,</span> <span class='ocrx_word' id='word_1_320' title='bbox 873 4949 987 5030; x_wconf 89' lang='lat' dir='ltr'>plenus</span> <span class='ocrx_word' id='word_1_321' title='bbox 1011 4948 1131 5009; x_wconf 89' lang='lat' dir='ltr'>dierum</span> <span class='ocrx_word' id='word_1_322' title='bbox 1156 4948 1332 5020; x_wconf 90' lang='lat' dir='ltr'>bonorum,</span> <span class='ocrx_word' id='word_1_323' title='bbox 1356 4946 1486 5009; x_wconf 90' lang='lat' dir='ltr'>tandem</span> <span class='ocrx_word' id='word_1_324' title='bbox 1512 4948 1559 5007; x_wconf 93' lang='lat' dir='ltr'>vir</span> <span class='ocrx_word' id='word_1_325' title='bbox 1582 4946 1703 5018; x_wconf 80' lang='lat' dir='ltr'>bonuS,</span> <span class='ocrx_word' id='word_1_326' title='bbox 1728 4965 1793 5026; x_wconf 92' lang='lat' dir='ltr'>quo</span> 
     </span>
     <span class='ocr_line' id='line_1_35' title="bbox 239 5053 1793 5129; baseline -0.005 -10"><span class='ocrx_word' id='word_1_327' title='bbox 239 5058 282 5119; x_wconf 89' lang='lat' dir='ltr'>nil</span> <span class='ocrx_word' id='word_1_328' title='bbox 307 5057 419 5120; x_wconf 89' lang='lat' dir='ltr'>melius</span> <span class='ocrx_word' id='word_1_329' title='bbox 443 5059 473 5118; x_wconf 90' lang='lat' dir='ltr'>in</span> <span class='ocrx_word' id='word_1_330' title='bbox 498 5057 559 5119; x_wconf 88' lang='lat' dir='ltr'>bac</span> <span class='ocrx_word' id='word_1_331' title='bbox 582 5059 663 5129; x_wconf 89' lang='lat' dir='ltr'>vita,</span> <span class='ocrx_word' id='word_1_332' title='bbox 696 5059 726 5118; x_wconf 95' lang='lat' dir='ltr'>in</span> <span class='ocrx_word' id='word_1_333' title='bbox 752 5056 937 5127; x_wconf 82' lang='lat' dir='ltr'>domodni</span> <span class='ocrx_word' id='word_1_334' title='bbox 959 5057 1102 5116; x_wconf 88' lang='lat' dir='ltr'>custodis</span> <span class='ocrx_word' id='word_1_335' title='bbox 1130 5054 1268 5116; x_wconf 86' lang='lat' dir='ltr'>Poznan.</span> <span class='ocrx_word' id='word_1_336' title='bbox 1302 5056 1385 5116; x_wconf 89' lang='lat' dir='ltr'>circa</span> <span class='ocrx_word' id='word_1_337' title='bbox 1416 5053 1583 5116; x_wconf 90' lang='lat' dir='ltr'>ecclesiam</span> <span class='ocrx_word' id='word_1_338' title='bbox 1616 5053 1677 5114; x_wconf 90' lang='lat' dir='ltr'>sita</span> <span class='ocrx_word' id='word_1_339' title='bbox 1708 5053 1793 5112; x_wconf 88' lang='lat' dir='ltr'>diem</span> 
     </span>
     <span class='ocr_line' id='line_1_36' title="bbox 239 5159 1794 5244; baseline -0.004 -18"><span class='ocrx_word' id='word_1_340' title='bbox 239 5165 319 5226; x_wconf 93' lang='lat' dir='ltr'>obiit</span> <span class='ocrx_word' id='word_1_341' title='bbox 343 5166 386 5226; x_wconf 89' lang='lat' dir='ltr'>ita</span> <span class='ocrx_word' id='word_1_342' title='bbox 411 5165 534 5244; x_wconf 89' lang='lat' dir='ltr'>quiete,</span> <span class='ocrx_word' id='word_1_343' title='bbox 561 5166 704 5226; x_wconf 85' lang='lat' dir='ltr'>atenim</span> <span class='ocrx_word' id='word_1_344' title='bbox 729 5185 794 5225; x_wconf 93' lang='lat' dir='ltr'>non</span> <span class='ocrx_word' id='word_1_345' title='bbox 820 5165 899 5225; x_wconf 90' lang='lat' dir='ltr'>mori</span> <span class='ocrx_word' id='word_1_346' title='bbox 925 5163 981 5224; x_wconf 91' lang='lat' dir='ltr'>sed</span> <span class='ocrx_word' id='word_1_347' title='bbox 1006 5163 1209 5223; x_wconf 88' lang='lat' dir='ltr'>obdormisse</span> <span class='ocrx_word' id='word_1_348' title='bbox 1233 5161 1416 5241; x_wconf 89' lang='lat' dir='ltr'>putabatur,</span> <span class='ocrx_word' id='word_1_349' title='bbox 1440 5161 1544 5222; x_wconf 89' lang='lat' dir='ltr'>anima</span> <span class='ocrx_word' id='word_1_350' title='bbox 1570 5160 1637 5221; x_wconf 89' lang='lat' dir='ltr'>eius</span> <span class='ocrx_word' id='word_1_351' title='bbox 1653 5159 1794 5220; x_wconf 91' lang='lat' dir='ltr'>evolavit</span> 
     </span>
     <span class='ocr_line' id='line_1_37' title="bbox 237 5269 1282 5352; baseline -0.005 -18"><span class='ocrx_word' id='word_1_352' title='bbox 237 5271 279 5334; x_wconf 89' lang='lat' dir='ltr'>ad</span> <span class='ocrx_word' id='word_1_353' title='bbox 303 5269 491 5352; x_wconf 90' lang='lat' dir='ltr'>Hesperidis</span> <span class='ocrx_word' id='word_1_354' title='bbox 514 5270 628 5334; x_wconf 89' lang='lat' dir='ltr'>hortos</span> <span class='ocrx_word' id='word_1_355' title='bbox 651 5273 683 5332; x_wconf 93' lang='lat' dir='ltr'>id</span> <span class='ocrx_word' id='word_1_356' title='bbox 707 5283 757 5334; x_wconf 90' lang='lat' dir='ltr'>est</span> <span class='ocrx_word' id='word_1_357' title='bbox 781 5272 821 5332; x_wconf 91' lang='lat' dir='ltr'>ad</span> <span class='ocrx_word' id='word_1_358' title='bbox 846 5270 967 5332; x_wconf 89' lang='lat' dir='ltr'>leticias</span> <span class='ocrx_word' id='word_1_359' title='bbox 992 5271 1242 5350; x_wconf 90' lang='lat' dir='ltr'>sempiternas..</span> <span class='ocrx_word' id='word_1_360' title='bbox 1257 5269 1282 5348; x_wconf 89' lang='lat'>¹)</span> 
     </span>
    </p>
   </div>
   <div class='ocr_carea' id='block_1_10' title="bbox 345 5618 1494 5690">
    <p class='ocr_par' dir='ltr' id='par_1_10' title="bbox 345 5618 1494 5690">
     <span class='ocr_line' id='line_1_38' title="bbox 345 5618 1494 5690; baseline -0.004 -17"><span class='ocrx_word' id='word_1_361' title='bbox 345 5621 364 5690; x_wconf 92' lang='lat'>¹)</span> <span class='ocrx_word' id='word_1_362' title='bbox 383 5622 484 5673; x_wconf 80' lang='lat' dir='ltr'>Ostatni</span> <span class='ocrx_word' id='word_1_363' title='bbox 504 5623 589 5673; x_wconf 82' lang='lat' dir='ltr'>wiersz</span> <span class='ocrx_word' id='word_1_364' title='bbox 608 5623 641 5686; x_wconf 83' lang='lat' dir='ltr'>tej</span> <span class='ocrx_word' id='word_1_365' title='bbox 661 5621 755 5688; x_wconf 73' lang='lat' dir='ltr'>zopislri</span> <span class='ocrx_word' id='word_1_366' title='bbox 775 5622 938 5688; x_wconf 81' lang='lat' dir='ltr'>niecayteluy,</span> <span class='ocrx_word' id='word_1_367' title='bbox 959 5638 971 5669; x_wconf 86' lang='lat' dir='ltr'>z</span> <span class='ocrx_word' id='word_1_368' title='bbox 990 5622 1101 5688; x_wconf 89' lang='lat' dir='ltr'>powodu</span> <span class='ocrx_word' id='word_1_369' title='bbox 1118 5619 1254 5686; x_wconf 86' lang='lat' dir='ltr'>zbytniego</span> <span class='ocrx_word' id='word_1_370' title='bbox 1273 5619 1386 5685; x_wconf 73' lang='lat' dir='ltr'>obciecia</span> <span class='ocrx_word' id='word_1_371' title='bbox 1404 5618 1494 5669; x_wconf 82' lang='lat' dir='ltr'>lrartki.</span> 
     </span>
    </p>
   </div>
   <div class='ocr_carea' id='block_1_11' title="bbox 0 0 2217 6356">
    <p class='ocr_par' dir='ltr' id='par_1_11' title="bbox 0 0 2217 6356">
     <span class='ocr_line' id='line_1_39' title="bbox 0 0 2217 6356; baseline 0 0"><span class='ocrx_word' id='word_1_372' title='bbox 0 0 2217 6356; x_wconf 95' lang='lat' dir='ltr'> </span> 
     </span>
    </p>
   </div>
  </div>
 </body>
</html>
