4416 6366
831 557 1011 612 ANNORUM
1033 555 1217 616 1501—1502.

1073 653 1176 661 ——

453 768 495 830 A.
525 783 619 851 1502,
644 770 768 852 Aprilis
797 787 851 845 11,
876 771 905 834 in
930 771 1081 852 capitulo.

347 907 432 976 936.
468 911 534 994 (Vl.
560 916 623 994 57).
658 912 782 975 Ibidem
809 933 918 977 vener.
942 912 1025 976 dnus
1056 911 1212 975 Nicolaus
1240 910 1428 993 Cothwycz,
1454 914 1656 978 decretorum
1680 917 1796 980 doctor

237 1015 481 1081 archidiaconus
505 1030 539 1082 et
563 1018 707 1082 officialis
731 1019 869 1082 Poznan.
899 1021 1067 1102 generalis,
1099 1021 1229 1082 nomine
1252 1041 1359 1083 vener.
1391 1021 1446 1083 dni
1477 1021 1628 1085 Iohannis
1661 1022 1794 1105 Gorsky

236 1125 382 1186 canonici
413 1125 551 1187 Poznan.
584 1127 724 1189 nuncin
749 1127 969 1190 Universitate
992 1127 1067 1188 almi
1091 1126 1187 1190 studii
1211 1127 1406 1190 Bononie
1431 1129 1589 1192 studentis
1607 1130 1725 1194 obtulit
1749 1130 1794 1194 lit-

238 1240 325 1294 teras
350 1233 410 1294 sub
435 1233 529 1296 titulo
554 1235 683 1316 magnif.
709 1246 742 1298 et
766 1236 886 1318 egregii
915 1235 968 1296 dni
992 1234 1081 1298 Luce
1112 1235 1152 1298 de
1184 1234 1319 1316 Septem
1344 1238 1458 1298 castris
1482 1257 1524 1298 ex
1548 1235 1788 1300 Transsilvania

239 1335 405 1414 Pannonii,
428 1341 595 1422 utriusque
620 1342 848 1406 Universitatis
873 1343 1053 1406 iuristarum
1078 1342 1152 1404 almi
1186 1342 1402 1405 Bononiensis
1433 1343 1529 1405 studii
1557 1346 1699 1417 rectoris,
1731 1345 1791 1406 sub

236 1445 312 1508 data
335 1445 482 1509 Bononie
508 1449 539 1510 in
564 1449 713 1514 domibus
736 1450 909 1512 residentie
933 1470 990 1512 sue
1014 1450 1074 1512 sub
1098 1471 1183 1512 anno
1200 1449 1362 1512 dominice
1378 1449 1489 1513 salutis
1508 1451 1597 1524 MDI,
1615 1451 1790 1514 indictione

237 1550 294 1627 IV,
319 1553 370 1616 die
384 1553 477 1618 XVII
501 1575 541 1617 m.
567 1555 766 1631 Decembris,
791 1556 983 1619 Alexandro
1000 1555 1047 1619 Vl
1064 1556 1217 1638 pontifice
1242 1558 1392 1629 maximo,
1417 1558 1447 1618 in
1473 1560 1587 1639 papiro
1608 1559 1745 1641 scriptas
1762 1569 1794 1622 et

237 1658 341 1742 sigilio
365 1661 477 1723 maiori
500 1663 641 1725 rotundo
666 1665 831 1744 utriusque
855 1663 1085 1727 Universitatis
1109 1664 1254 1744 predicte
1278 1665 1308 1726 in
1326 1684 1400 1726 cera
1416 1663 1516 1726 rubea
1533 1665 1692 1745 impresso
1710 1665 1794 1748 sigil-

237 1766 320 1829 latas
346 1787 506 1850 manuque
530 1779 563 1832 et
588 1771 683 1852 signo
707 1770 893 1851 spectabilis
918 1783 950 1834 et
975 1769 1089 1833 famosi
1113 1791 1150 1832 ac
1175 1771 1399 1851 circumspecti
1424 1773 1505 1853 mgri
1529 1771 1680 1835 Ewandri
1697 1771 1795 1834 Palla·

237 1874 361 1937 midesii
385 1875 425 1937 de
450 1875 572 1939 Rubeis
596 1877 742 1940 Bononie
766 1879 852 1952 civis
876 1877 996 1959 publici
1029 1876 1209 1958 apostolica
1233 1875 1387 1958 imperiali
1411 1897 1448 1938 ac
1473 1879 1653 1940 communis
1685 1877 1791 1940 Bono-

237 1980 356 2044 niensis
379 1985 571 2046 auctoritate
597 1986 719 2056 notarii,
745 2006 828 2048 nunc
860 1985 968 2048 vocati
992 1985 1107 2048 notarii
1131 1996 1164 2047 et
1188 1985 1292 2047 scribe
1315 1984 1392 2046 dicti
1415 1983 1491 2046 almi
1515 1984 1611 2046 studii
1635 1985 1790 2060 Bononie,

237 2098 272 2150 ut
301 2089 491 2169 apparebat,
525 2093 670 2173 scriptas
707 2091 924 2174 significantes
960 2112 1031 2154 esse
1056 2092 1211 2154 scolarem
1249 2092 1437 2154 continuum
1469 2102 1502 2154 et
1533 2092 1717 2155 studentem
1750 2093 1792 2155 ad

236 2195 436 2258 matriculam
459 2197 596 2260 dnorum
620 2199 790 2262 scolarium
812 2200 1000 2281 inscriptum
1018 2210 1052 2262 et
1068 2219 1125 2280 per
1141 2201 1247 2278 ipsum
1263 2198 1362 2259 dnum
1387 2208 1547 2260 rectorem
1571 2199 1790 2279 approbatum

239 2311 308 2376 etc,
341 2312 457 2382 petens
488 2305 575 2386 ipsas
601 2304 724 2370 litteras
754 2299 881 2368 admitti
911 2316 945 2370 et
975 2327 1036 2387 pro
1067 2307 1237 2368 autenticis
1272 2303 1584 2387 significatorialibus
1618 2323 1676 2386 per
1711 2307 1793 2368 dnos

235 2405 347 2471 haberi
369 2430 407 2471 ac
430 2420 587 2474 statutum
611 2413 741 2494 capituli
766 2413 806 2474 de
829 2413 1034 2476 studentibus
1058 2413 1179 2475 editum
1207 2411 1290 2475 solvi
1314 2431 1373 2492 pro
1398 2412 1470 2492 ipso
1502 2411 1568 2473 dno
1600 2410 1733 2494 Gorslry
1759 2423 1793 2476 et

235 2513 428 2578 solvendum
452 2518 556 2580 eidem
581 2519 632 2581 vel
657 2539 716 2586 suo
741 2521 941 2600 procuratori
966 2521 1131 2602 assignari.
1177 2519 1221 2580 Et
1245 2519 1299 2580 dni
1322 2517 1440 2580 habitis
1464 2517 1646 2582 huiusmodi
1677 2519 1791 2582 litteris

235 2641 295 2702 pro
312 2624 482 2686 autenticis
499 2635 654 2688 statutum
672 2625 853 2688 huiusmodi
867 2628 926 2708 ipsi
940 2627 1005 2688 dno
1023 2625 1166 2707 Gorslry,
1182 2626 1334 2707 quamdiu
1351 2625 1491 2686 studium
1509 2626 1613 2705 ipsum
1630 2626 1792 2688 continua·

234 2731 331 2803 verit,
355 2731 488 2812 singulis
511 2733 603 2794 annis
628 2753 688 2814 pro
712 2733 797 2796 festo
821 2733 887 2795 divi
910 2734 1040 2798 Martini
1056 2733 1248 2796 solvendum
1266 2733 1479 2795 decreverunt
1495 2743 1528 2794 et
1545 2732 1793 2814 assignaverunt

237 2835 327 2898 iuxta
351 2838 451 2918 ipsius
475 2841 587 2903 statuti
611 2839 869 2921 dispositionem.

448 2997 490 3060 A.
520 3013 619 3079 1502,
644 2997 768 3081 Aprilis
800 3016 854 3078 14,
879 3001 910 3060 in
935 2999 1089 3080 capitulo.

346 3135 433 3204 937.
471 3140 537 3222 (Vl.
560 3142 634 3222 57⁰).
669 3141 849 3223 Deputatio
881 3151 914 3205 et
937 3141 1128 3204 constitutio
1152 3160 1209 3221 per
1232 3139 1352 3202 Rmum
1377 3137 1475 3200 dnum
1500 3138 1608 3219 Epum
1631 3139 1724 3204 lacta.
1751 3178 1790 3187 -

235 3243 298 3306 Die
319 3243 405 3308 Iovis
420 3293 449 3310 ..
482 3246 586 3311 Rmus
601 3297 630 3312 ..
664 3249 746 3310 dnus
777 3247 938 3312 Iohannes
969 3247 1051 3330 dg.
1075 3247 1166 3327 Epus
1194 3247 1333 3308 Poznan.
1358 3245 1571 3326 personaliter
1595 3247 1791 3310 constitutus

233 3370 383 3415 asserens
407 3373 442 3416 se
467 3354 518 3417 die
534 3356 673 3417 crastina
696 3355 887 3418 ltaliam
911 3375 1025 3418 versus
1049 3355 1296 3435 dispositurum,
1320 3355 1482 3416 exiturum
1506 3363 1539 3414 et
1556 3353 1789 3433 proiecturum,

234 3477 295 3520 nec
317 3458 429 3522 valens
453 3471 628 3541 propterea
652 3462 924 3544 inpresenciarum
948 3461 1101 3524 limitibus
1122 3461 1269 3523 Mazovie
1286 3459 1438 3522 faciendis
1452 3469 1485 3521 et
1500 3461 1570 3524 aliis
1586 3462 1652 3524 suis
1669 3462 1789 3523 ibidem

232 3563 340 3627 arduis
364 3568 509 3648 negociis
533 3569 743 3650 disponendis
768 3571 924 3631 interesse
945 3569 1096 3630 omnibus
1112 3567 1300 3629 melioribus
1319 3575 1378 3627 etc.
1396 3587 1503 3628 vener.
1521 3567 1604 3629 dnos
1620 3567 1790 3630 Nicolaum

233 3671 415 3755 Cothwycz
449 3675 709 3738 archidiaconum
745 3684 778 3737 et
809 3673 1052 3758 Sigismundum
1084 3675 1124 3736 de
1156 3673 1385 3754 Camyenyecz
1417 3675 1607 3736 canonicum
1639 3675 1791 3737 absentes

233 3787 388 3860 tanquam
412 3792 582 3862 presentes
607 3793 779 3864 utrumque
803 3801 914 3844 eorum
939 3783 969 3843 in
987 3781 1125 3844 solidum
1142 3781 1182 3842 ad
1199 3781 1357 3862 premissa
1373 3779 1553 3841 laciendum
1571 3800 1644 3842 curn
1661 3781 1788 3862 quibus·

233 3905 360 3968 cunque
385 3889 533 3969 personis
557 3898 622 3951 tam
647 3888 869 3971 spiritualibus
897 3909 994 3969 quam
1026 3887 1238 3960 secularibus,
1271 3888 1490 3968 cuiuscunque
1521 3895 1625 3950 status
1658 3888 1791 3968 preemi-

233 3995 342 4056 nentie
366 4005 399 4058 et
416 3996 610 4058 conditionis
627 3997 777 4070 existant,
794 4015 831 4057 ac
848 3995 992 4058 totaliter
1008 3993 1246 4075 perficiendum,
1263 3994 1527 4065 consumendum,
1552 3994 1789 4055 terminandum

234 4112 395 4181 perpetuo
419 4110 453 4164 et
476 4101 749 4178 confirmandum,
786 4112 820 4165 et
844 4112 992 4183 preterea
1027 4102 1108 4165 alios
1132 4102 1214 4163 dnos
1246 4101 1390 4182 prelatos
1421 4109 1454 4162 et
1483 4101 1674 4172 canonicos,
1705 4120 1788 4181 quos

231 4209 435 4272 venerandus
459 4221 553 4290 pater
577 4211 659 4272 dnus
683 4209 844 4272 Iohannes
868 4210 908 4271 de
934 4209 1079 4272 Lucowo
1104 4209 1245 4270 decanus
1277 4217 1310 4270 et
1333 4208 1469 4269 vicarius
1500 4207 1532 4267 in
1563 4205 1788 4286 Spiritualibus

230 4336 294 4378 una
318 4336 391 4378 cum
416 4316 488 4379 dnis
510 4317 550 4378 de
574 4315 718 4398 capitulo
742 4317 992 4388 nominaverint,
1018 4317 1127 4397 elegit,
1153 4315 1321 4378 constituit
1346 4323 1379 4376 et
1395 4313 1571 4394 deputavit.
1596 4311 1639 4374 Et
1655 4313 1787 4392 insuper

231 4443 362 4487 causam
387 4433 420 4487 et
443 4443 572 4498 causaS,
597 4442 693 4505 quam
718 4433 751 4485 et
775 4443 856 4504 quas
881 4423 967 4485 idem
991 4423 1095 4485 Rmus
1119 4421 1202 4484 dnus
1226 4422 1277 4483 vel
1302 4441 1359 4484 sue
1384 4420 1450 4482 Ptis
1473 4419 1613 4480 factores
1642 4418 1788 4499 plebanis

230 4532 263 4592 in
288 4531 435 4594 Mazovia
458 4551 555 4612 super
578 4531 711 4592 decimis
736 4529 776 4591 ad
801 4549 946 4592 mensam
970 4529 1190 4610 episcopalem
1214 4529 1265 4592 vel
1287 4526 1489 4609 parochiales
1520 4526 1672 4587 ecclesias
1694 4526 1789 4605 perti-

232 4638 384 4701 nentibus
408 4647 542 4700 movent
572 4647 627 4699 aut
659 4656 790 4699 movere
822 4637 873 4699 vel
904 4637 1099 4716 intemptare
1132 4647 1165 4699 et
1197 4635 1341 4698 similiter
1372 4633 1501 4714 plebani
1532 4651 1589 4694 sue
1622 4630 1673 4695 Pti
1704 4631 1788 4693 Rme

231 4745 401 4818 voluerint,
426 4744 640 4808 communiter
670 4753 704 4807 et
734 4744 860 4806 divisim
892 4742 1085 4818 audiendas,
1121 4741 1384 4826 cognoscendas,
1420 4738 1622 4801 diffiniendas
1658 4751 1691 4801 et
1727 4737 1789 4801 tine

229 4852 342 4915 debito
373 4851 592 4915 terminandas
622 4871 680 4914 sua
711 4854 905 4914 auctoritate
938 4851 1098 4913 ordinaria
1130 4849 1293 4912 commisit
1325 4847 1457 4931 prelatis
1491 4847 1563 4908 dnis
1594 4845 1720 4910 officiali
1752 4853 1785 4906 et

228 4958 438 5042 Sigismundo
461 4959 700 5039 committitque
724 4979 783 5040 per
807 4966 984 5038 presentes.
1009 4958 1203 5038 promittens
1227 4957 1268 5020 de
1291 4968 1362 5019 rato
1379 4965 1413 5017 et
1431 4965 1548 5036 petens
1572 4954 1712 5034 desuper
1727 4952 1788 5016 sibi

229 5086 249 5127 a
272 5087 326 5131 me
350 5067 478 5130 notario
502 5065 683 5128 necessaria
715 5063 829 5127 confici
860 5065 990 5146 publica
1022 5065 1237 5128 instrumenta
1267 5064 1299 5124 in
1330 5061 1433 5124 forma
1465 5061 1589 5123 meliori
1620 5071 1681 5122 etc.
1714 5079 1787 5122 cum

228 5174 381 5238 clausulis
406 5171 614 5256 opportunis;
637 5170 843 5253 presentibus
867 5182 928 5234 etc.

444 5331 486 5395 A.
515 5347 613 5413 1502,
637 5330 705 5394 Iulii
734 5347 765 5406 1,
790 5330 822 5392 in
846 5329 988 5410 capitulo
1013 5329 1165 5412 generali.

339 5471 425 5540 938.
458 5474 526 5557 (Vl.
550 5473 630 5554 61⁰).
665 5472 747 5536 Item
772 5471 985 5534 decreverunt
1009 5471 1203 5533 unanimiter
1227 5467 1359 5531 cuilibet
1382 5469 1587 5530 dominorum
1612 5485 1684 5529 sese
1709 5487 1785 5528 con·

227 5581 312 5646 ferre
336 5581 530 5644 Poznaniam
550 5595 611 5662 pro
628 5581 833 5644 insecuritate
849 5579 1026 5642 mansionis
1042 5579 1126 5640 circa
1143 5575 1314 5640 ecclesiam
1331 5597 1373 5638 ex
1389 5573 1587 5639 diffidatione
1603 5573 1785 5655 predonum

337 5696 433 5740 Monuni.
449 5693 513 5735 medii
526 5691 574 5735 aevi
588 5691 638 5734 hist.
654 5693 712 5734 Xlll.
1581 5679 1615 5732 23
