4458 6356
937 579 1031 629 ACTA
1050 577 1212 630 CAPITULI
1234 577 1488 628 POZNANIENSIS

438 671 853 678 ...--.....--...—..-..—.—-
868 671 906 676 *-
946 671 1035 677 ...*..—
1213 671 1223 676 -
1329 671 1337 676 .
1351 670 1500 676 ———.
1694 669 1728 676 -οι
1745 667 1992 676 ow-——n-

437 793 620 874 septimane
644 811 728 854 nunc
753 792 911 854 currentis
944 802 1115 855 cantentur
1145 811 1203 872 per
1227 811 1284 854 eos
1308 791 1450 872 triplices
1482 791 1589 872 vigilie
1621 809 1694 852 cum
1727 790 1864 853 totidem
1888 791 1995 854 missis

437 919 497 980 pro
521 901 628 961 anima
651 899 748 962 beate
780 897 1017 960 recordacionis
1049 899 1104 960 dni
1127 897 1296 961 Vincencii
1329 897 1421 960 Koth
1445 897 1487 961 de
1510 897 1663 960 Dambno
1695 895 1851 977 Arcbiepi
1876 907 1909 960 et
1932 897 1993 978 pri·

438 1007 533 1068 matis
557 1025 659 1087 nuper
681 1005 711 1066 in
737 1015 844 1068 castro
869 1005 1069 1069 Uneoviensi
1093 1005 1235 1068 defuncti
1259 1015 1292 1067 et
1316 1007 1347 1066 in
1372 1004 1513 1068 ecclesia
1537 1001 1720 1068 Gneznensi
1745 1003 1797 1066 die
1821 1003 1994 1066 Dominico

437 1111 517 1174 infra
541 1123 675 1175 octavas
700 1112 952 1192 Assumpcionis
976 1133 1034 1194 per
1057 1113 1156 1174 dnum
1189 1111 1357 1174 Andream
1387 1111 1427 1174 de
1451 1111 1547 1192 Bnyn
1572 1110 1679 1192 Epum
1705 1109 1845 1172 Poznan.
1869 1109 1994 1172 honori·

437 1219 496 1281 lice
520 1219 654 1300 sepulti,
687 1229 719 1280 et
744 1221 774 1280 in
800 1219 935 1300 singulis
959 1222 1100 1300 ipsarum
1126 1219 1304 1300 vigiliarum
1330 1218 1512 1280 dividantur
1537 1219 1610 1280 dnis
1634 1217 1841 1299 presentibus
1864 1227 1897 1280 et
1920 1238 1993 1279 can·

437 1326 582 1390 tantibus
606 1347 664 1406 per
688 1335 915 1407 procuratores
940 1326 1001 1388 due
1027 1346 1133 1388 marce
1157 1337 1190 1389 et
1214 1335 1461 1408 campanatores
1486 1345 1546 1406 pro
1563 1325 1657 1406 pulsu
1675 1343 1905 1406 campanarum
1923 1343 1995 1386 con·

437 1445 605 1498 tententur
628 1454 687 1515 per
710 1435 844 1496 eosdem
870 1443 1111 1514 procuratores.

653 1626 696 1691 A.
729 1630 825 1706 1448,
851 1626 1048 1690 Novembris
1078 1643 1131 1699 12,
1156 1627 1187 1688 in
1211 1625 1355 1707 capitulo
1379 1625 1532 1708 generali.

547 1765 633 1834 359.
659 1767 709 1848 (ΙΙ.
738 1771 817 1848 104).
850 1768 974 1830 Ibidem
1003 1767 1182 1832 Stanislaus
1214 1769 1358 1832 notarius
1389 1768 1443 1830 dni
1475 1767 1538 1849 Epi
1562 1767 1592 1830 in
1618 1768 1786 1848 presencia
1809 1767 1916 1830 nuncii
1939 1765 1993 1828 dni

440 1876 625 1939 Boleslai
650 1877 767 1938 ducis
799 1877 1000 1956 presentavit
1032 1877 1265 1940 attestaciones
1290 1875 1322 1936 in
1346 1895 1444 1938 causa
1467 1875 1522 1937 dni
1546 1875 1609 1956 Epi
1632 1895 1705 1938 curn
1730 1875 1829 1938 nobili
1852 1873 1998 1957 Boglew-

438 1986 502 2065 sky
526 1985 650 2046 clausas
674 1995 708 2046 et
731 1983 903 2064 sigillatas,
929 2003 1009 2064 quas
1034 1983 1152 2046 ibidem
1176 1983 1230 2044 dni
1255 1992 1460 2062 aperuerunt.
1484 1981 1565 2045 item
1591 1981 1709 2045 ibidem
1735 1981 1819 2046 dnos
1842 1982 1998 2044 cancella·

439 2093 532 2162 rium,
565 2091 746 2162 officialem,
775 2090 929 2152 iacobum
961 2087 1146 2170 Grandslry,
1179 2089 1335 2152 Mathiam
1367 2099 1400 2154 et
1425 2088 1572 2170 Chibsky
1596 2089 1835 2170 deputaverunt
1858 2089 1900 2152 ad
1922 2109 1996 2152 exa·

439 2199 626 2260 minandum
650 2197 891 2260 attestaciones.

653 2390 696 2453 A.
726 2393 816 2469 1448,
841 2389 1038 2453 Novembris
1068 2391 1178 2469 15,111
1202 2390 1346 2471 capitulo
1372 2390 1522 2472 generali.

547 2529 634 2598 360.
659 2533 705 2614 (II.
740 2534 818 2612 105).
844 2532 925 2594 Item
951 2534 983 2594 in
1007 2533 1347 2612 recompensacionem
1372 2533 1494 2608 viatici,
1519 2552 1615 2614 quem
1640 2531 1747 2596 amisit
1768 2531 1850 2594 dnus
1875 2530 1999 2593 Hector

440 2642 546 2704 eundo
570 2643 601 2702 in
625 2639 890 2721 Pyothrcoviam,
914 2639 1018 2702 eidem
1044 2651 1109 2702 tres
1134 2659 1258 2702 marcas
1282 2639 1483 2702 dimiserunt.

547 2743 633 2812 361.
658 2747 706 2828 (ΙΙ.
736 2747 828 2828 1050)·
852 2747 933 2810 Item
958 2746 1077 2809 ibidem
1102 2737 1308 2827 presentibus
1332 2746 1404 2808 dnis
1429 2745 1583 2818 Gruszka,
1608 2746 1829 2828 Costrzinsky,
1853 2743 1999 2808 iohanne

441 2855 481 2916 de
507 2853 693 2935 Wylczino,
726 2852 879 2928 Cobilka,
916 2853 1152 2934 Pythlcowslry,
1185 2852 1326 2915 Alberto
1360 2853 1400 2916 de
1423 2851 1624 2916 Schamotuli
1648 2863 1681 2918 et
1705 2853 1745 2917 N.
1769 2854 1937 2936 preposito
1961 2849 1995 2913 S.

439 2959 584 3041 Spiritus
609 2961 692 3023 dnus
715 2959 958 3023 archidiaconus
982 2960 1022 3022 de
1047 2961 1201 3023 mandato
1234 2961 1372 3022 dnorum
1397 2961 1621 3040 pronunciavit
1645 2961 1845 3024 sentenciam
1869 2959 1998 3022 arbitra·

438 3069 517 3129 riam
542 3087 602 3148 pro
626 3068 691 3130 dno
716 3067 790 3148 Epo
815 3079 928 3131 contra
953 3067 1153 3149 Boglewsky
1177 3087 1274 3148 super
1297 3067 1428 3130 decimis
1453 3069 1483 3130 in
1508 3069 1719 3152 Boglewicze,
1744 3071 1775 3130 in
1800 3065 1995 3150 Boglewska

439 3173 536 3236 Wola
560 3185 593 3236 et
617 3171 725 3237 Ossini
750 3175 781 3236 in
806 3175 923 3238 ducatu
948 3175 1104 3237 Mazovie.

652 3385 694 3448 Α.
724 3387 814 3463 1448,
840 3385 1031 3448 Decembris
1057 3401 1084 3466 5,
1109 3388 1140 3448 111
1165 3387 1317 3468 capitulo.

546 3525 631 3594 362.
645 3525 693 3610 (ΙΙ.
711 3533 793 3609 107).
808 3529 869 3590 Die
882 3529 995 3592 Martis
1010 3579 1015 3592 .
1031 3577 1038 3591 .
1053 3528 1263 3592 referentibus
1278 3529 1470 3610 quibusdam
1487 3529 1558 3592 dnis
1575 3549 1618 3592 ex
1633 3529 1811 3594 senioribus
1824 3527 1998 3600 canonicis,

439 3635 607 3716 quomodo
624 3635 701 3697 olim
718 3638 878 3718 guerris
902 3646 943 3698 et
966 3635 1335 3698 commocionibus
1358 3639 1396 3698 in
1420 3637 1566 3719 Regno
1590 3635 1850 3700 exortisvilla
1865 3633 1997 3715 capituli

438 3741 601 3816 Rczelino,
626 3743 666 3804 de
690 3763 754 3824 qua
778 3755 929 3824 regentes
953 3743 1127 3805 solvebant
1151 3743 1296 3806 altariste
1320 3763 1468 3816 censum,
1494 3763 1560 3826 quo
1585 3755 1635 3806 est
1656 3753 1806 3816 onerata,
1830 3742 1889 3805 luit
1905 3741 1998 3824 quasi

438 3849 469 3910 in
492 3859 564 3911 toto
589 3850 752 3913 desertata
776 3861 809 3912 et
833 3851 864 3912 in
888 3850 1044 3914 fructibus
1068 3861 1245 3923 attenuata,
1263 3851 1317 3924 sic,
1343 3851 1431 3931 quod
1455 3851 1496 3913 de
1520 3851 1670 3914 censibus
1694 3871 1737 3913 ex
1761 3851 1873 3912 eadem
1893 3849 1998 3930 nequi·

438 3957 516 4018 bant
540 3955 717 4018 altaristam
742 3979 801 4038 pro
825 3968 973 4038 tempore
1008 3967 1209 4030 contentare,
1246 3977 1348 4038 usque
1382 3957 1461 4020 duas
1484 3977 1609 4021 marcas
1640 3959 1931 4021 anniversariorum
1956 3955 1997 4018 de

437 4073 571 4144 utraque
597 4062 680 4144 Wyr
709 4064 740 4124 in
764 4065 1028 4144 supplementum
1060 4064 1296 4145 adiungebant;
1328 4085 1413 4126 nunc
1434 4085 1521 4136 vero,
1554 4067 1628 4146 quia
1651 4065 1738 4128 dicta
1760 4065 1835 4127 villa
1858 4065 1921 4126 iam
1945 4072 1995 4124 est

436 4172 467 4231 in
492 4169 643 4232 censibus
666 4181 762 4232 aucta
785 4182 819 4234 et
842 4173 1047 4254 reintegrata,
1082 4183 1299 4234 oneraverunt
1335 4185 1504 4254 regentem
1539 4193 1672 4236 censum
1701 4173 1845 4235 altariste
1868 4171 1899 4232 in
1922 4180 1995 4233 toto

436 4296 479 4339 ex
502 4277 624 4350 eadem,
648 4277 842 4358 dumptaxat
859 4282 951 4342 annis
963 4279 1105 4361 singulis,
1130 4281 1318 4352 soluturum,
1342 4279 1525 4342 huiusmodi
1549 4281 1628 4344 duas
1653 4300 1778 4343 marcas
1801 4279 1841 4342 de
1859 4287 1995 4359 utraque

436 4384 520 4464 Wyr
542 4384 582 4446 ad
605 4386 856 4448 anniversarium
879 4397 1078 4460 revocantes,
1103 4398 1136 4449 et
1159 4387 1184 4448 si
1209 4407 1293 4448 nunc
1324 4389 1409 4449 etin
1433 4386 1573 4450 futurum
1597 4409 1714 4470 regens
1737 4387 1860 4450 dictam
1883 4385 1994 4447 villam

437 4512 472 4554 se
495 4513 553 4572 per
577 4491 639 4554 hoc
662 4494 799 4555 senserit
822 4492 925 4555 lesum
949 4505 981 4556 et
998 4504 1178 4576 gravatum,
1202 4495 1233 4554 in
1257 4493 1423 4556 solucione
1440 4493 1618 4556 altaristam
1632 4495 1841 4576 negligendo
1858 4491 1994 4555 eandem

435 4599 543 4660 villam
567 4601 731 4680 resignare
765 4599 908 4680 capitulo
937 4611 1093 4672 teneatur,
1118 4611 1150 4663 et
1174 4611 1294 4664 extunc
1329 4601 1451 4663 licitum
1486 4611 1536 4664 est
1573 4603 1677 4684 ipsum
1713 4601 1827 4664 eadem
1851 4601 1993 4682 privare;

436 4727 542 4769 vener.
566 4707 620 4768 dni
653 4709 856 4788 prepositus,
884 4717 1011 4786 custos,
1044 4709 1204 4784 officialis,
1236 4707 1483 4784 Praszmowslri,
1516 4709 1655 4782 Hector,
1687 4707 1855 4783 Clemens,
1889 4706 1997 4768 Twar-

434 4813 583 4894 dowsky,
608 4813 762 4890 Mathias,
794 4814 979 4888 Miroslaus‚
1004 4813 1183 4888 Grandslri,
1213 4815 1456 4898 lardanowslry,
1479 4815 1662 4890 Sbiluthus,
1686 4815 1864 4898 Czaczslry,
1888 4813 1996 4876 Sandi-

433 4924 558 5003 vogius,
582 4920 743 4984 lohannes
767 4920 834 5006 [de]
857 4922 1013 5004 Popow0,
1038 4921 1199 4986 lohannes
1223 4923 1381 5002 Vyscote,
1406 4924 1621 5005 Rogalinsky,
1654 4921 1995 5004 Chibsky,10hannes

435 5028 500 5118 [de]
524 5029 702 5092 Budzislaw
727 5030 908 5112 [presentes
933 5029 1047 5116 erantl.

648 5241 691 5305 A.
723 5260 813 5322 1449,
839 5242 1006 5306 Februarii
1036 5261 1090 5318 10,
1117 5244 1147 5305 111
1171 5243 1323 5324 capitulo.

541 5379 629 5450 363.
654 5383 700 5468 (ll.
729 5385 822 5467 109).
837 5437 843 5450 .
860 5385 981 5452 Vener.
998 5385 1052 5448 dni
1069 5387 1271 5468 prepositus,
1294 5386 1555 5461 archidiaconus,
1578 5383 1834 5465 Praszmowslry,
1859 5382 1993 5460 Hector,

428 5492 669 5576 Vigonowslry,
693 5493 940 5574 Twardowslcy,
965 5493 1154 5568 Miroslaus,
1186 5493 1344 5568 Mathias,
1376 5493 1559 5568 Sbiluthus,
1593 5494 1744 5566 Viscota,
1767 5491 1995 5574 Sandivogius,

431 5601 606 5684 Czaczsky,
640 5601 797 5684 Chibsky,
833 5603 1039 5684 Rogalinsky
1075 5602 1373 5666 accomodaverunt
1405 5623 1513 5666 vener.
1545 5601 1611 5664 dno
1643 5601 1781 5664 Nicolao
1805 5601 1846 5664 de
1869 5599 1994 5664 Costen
