4390 6368
907 587 998 638 ANNI
1017 583 1095 642 1521.

1058 683 1226 694 ..μ-..ι-

334 809 419 874 Item
443 809 560 872 libri
584 829 643 891 per
666 827 792 892 mgrum
816 806 1028 870 Valentinum
1052 806 1208 888 depositi:

335 918 498 982 Iambicus
523 919 563 982 de
587 919 736 981 misteriis
771 915 988 996 Egiptiorum.
1012 913 1253 978 ——Sermones
1288 913 1441 996 Ephrem.
1468 952 1507 962 -
1531 913 1630 977 Iulius
1650 912 1784 1002 ¹Silinus

228 1027 268 1091 de
293 1027 491 1092 mirabilibus
515 1027 633 1089 mundi.
659 1059 702 1072 -
726 1023 905 1104 Ciprianus.
931 1061 970 1068 —
996 1023 1164 1086 Petronius
1188 1023 1316 1086 arbiter.
1340 1023 1487 1085 —Plinii
1512 1021 1621 1084 Cecilii
1646 1023 1780 1085 secundi

228 1137 410 1220 epistolare.
434 1171 478 1180 -
504 1134 689 1196 Temistius.
716 1169 755 1178 —-
781 1131 950 1194 Cornelius
974 1130 1097 1194 Celsus.
1125 1169 1165 1176 —
1191 1131 1355 1194 Dionisius
1379 1130 1419 1193 de
1444 1131 1506 1193 situ
1531 1129 1629 1192 orbis.

442 1374 486 1438 A.
517 1388 616 1454 1521,
639 1371 747 1435 Martii
770 1390 808 1452 9,
834 1371 865 1434 in
889 1369 1039 1452 capitulo.

339 1540 450 1608 1110.
485 1541 592 1621 (VIII.
623 1545 704 1622 135).
740 1542 846 1605 Actus
880 1539 1128 1622 compositionis
1163 1539 1238 1602 Rmi
1274 1539 1326 1601 dni
1351 1539 1435 1602 Petri
1459 1537 1521 1619 Epi
1545 1537 1684 1600 Poznan.
1709 1559 1782 1601 cum

227 1651 359 1732 magnii.
385 1650 450 1713 dno
474 1649 610 1712 Nicolao
641 1651 682 1712 de
706 1649 875 1712 Lubrancz
911 1649 1055 1730 palatino
1089 1648 1229 1710 Poznan.
1267 1667 1364 1728 super
1399 1647 1496 1710 rebus
1532 1657 1608 1727 post
1643 1658 1782 1710 mortem

227 1757 303 1820 olim
328 1758 382 1820 dni
407 1758 469 1838 Epi
493 1757 676 1819 Lubranski
701 1756 877 1820 derelictis:

333 1864 372 1928 In
396 1865 529 1926 nomine
552 1864 616 1926 Dni
640 1883 744 1926 amen.
770 1863 911 1928 Anno..
936 1863 1133 1926 constitutus
1150 1862 1363 1944 personaliter
1379 1861 1510 1944 magnis.
1528 1862 1611 1925 dnus
1628 1862 1782 1927 Nicolaus

228 1971 400 2054 Gardzyna
424 1972 464 2035 de
487 1972 657 2035 Lubrancz
681 1973 843 2053 palatinus
866 1971 1005 2034 Poznan.
1029 1980 1188 2052 sponte..
1213 1971 1442 2051 recognovit..
1475 1971 1638 2051 recepisse
1661 1991 1722 2053 pro
1746 1993 1782 2034 se

227 2090 260 2142 et
284 2081 348 2144 suis
373 2080 614 2143 successoribus
638 2099 753 2141 omnes
777 2089 811 2142 et
835 2079 981 2159 singulos
1004 2099 1106 2160 equos
1130 2099 1202 2140 cum
1228 2081 1316 2141 omni
1340 2087 1497 2159 apparatu
1518 2079 1646 2158 equin0,
1671 2093 1782 2141 currus

228 2197 261 2248 et
284 2197 394 2250 vestes
418 2209 533 2250 omnes
557 2197 728 2269 totamque
751 2186 1010 2268 suppellectilem
1034 2185 1247 2248 domesticam
1272 2187 1303 2247 in
1327 2196 1446 2248 stanno
1471 2195 1504 2248 et
1526 2186 1610 2247 ferro
1635 2205 1781 2248 omnem·

228 2315 291 2375 que
314 2305 506 2376 apparatum
531 2296 670 2377 coquine
694 2303 727 2356 et
752 2296 861 2356 omnia
884 2313 982 2355 arma.
1028 2293 1167 2374 Insuper
1195 2293 1363 2356 consessus
1398 2303 1448 2356 est
1483 2312 1519 2356 se
1554 2293 1717 2372 recepisse
1747 2296 1779 2355 in

226 2413 363 2482 argento
387 2399 419 2464 II
444 2403 556 2465 ilaszas
579 2411 752 2484 argenteas
775 2421 848 2464 cum
873 2401 1031 2464 catenulis
1055 2402 1219 2483 argenteis
1235 2400 1276 2463 ab
1293 2401 1371 2463 olim
1395 2400 1599 2481 Imperatore
1623 2401 1778 2476 donatas;

226 2509 303 2570 item
327 2507 376 2570 Vl
399 2529 525 2590 cuppas
549 2511 726 2586 inauratas;
750 2511 827 2571 item
851 2509 884 2572 V
908 2509 1075 2588 scutellas;
1107 2512 1184 2572 item
1208 2507 1291 2572 XVI
1314 2509 1440 2586 talaria;
1472 2508 1549 2570 item
1573 2507 1658 2571 XVI
1680 2509 1782 2570 cocle·

226 2615 304 2692 aria;
328 2615 406 2677 item
425 2615 645 2679 lucibularium
670 2637 769 2678 unum
794 2636 854 2696 pro
878 2636 937 2678 usu
961 2616 1156 2694 domestico;
1180 2619 1258 2679 item
1282 2615 1404 2679 iuream
1429 2615 1507 2678 alias
1532 2615 1673 2696 vr'clelky;
1703 2618 1780 2679 item

226 2742 374 2803 compas;
409 2723 486 2786 item
522 2723 604 2786 duos
632 2723 794 2804 cingulos;
829 2723 889 2785 hec
914 2725 1022 2786 omnia
1047 2734 1202 2806 argentea
1225 2724 1424 2804 supradicta;
1460 2724 1537 2787 item
1562 2725 1646 2786 trina
1668 2721 1780 2786 fallera

226 2848 299 2890 cum
327 2830 560 2912 podpyersyny3
595 2835 673 2896 item
709 2833 792 2895 trina
827 2831 916 2893 frena
951 2852 1024 2894 cum
1059 2841 1131 2895 toto
1163 2841 1322 2914 apparatu
1347 2832 1466 2912 equino
1490 2841 1628 2912 argento
1651 2831 1779 2912 magnis

226 2936 328 3018 puclis
349 2938 500 3001 inauratis
525 2939 712 3016 reformata;
736 2941 812 3002 item
836 2937 954 3002 DCCC
974 2939 1040 3002 flor.
1066 2940 1212 3020 Hungar.
1237 2940 1327 3003 iuxta
1350 2948 1540 3018 computum
1557 2958 1630 3000 cum
1647 2938 1735 3000 Rmo
1750 2987 1779 3002 ..

226 3043 292 3105 dno
315 3043 411 3106 Petro
434 3045 465 3108 (1.
490 3067 521 3126 g.
544 3046 619 3128 Epo
642 3045 779 3109 Poznan.
805 3055 838 3108 et
860 3047 901 3108 R.
925 3046 957 3108 P.
980 3047 1232 3110 vicecancelario
1260 3047 1397 3124 iactum;
1426 3047 1504 3110 item
1527 3046 1683 3126 uponkam
1707 3065 1779 3108 cum

224 3152 322 3214 armis
350 3151 540 3232 Godaamby,
565 3153 738 3234 omniaque
761 3153 835 3224 alia,
858 3173 921 3234 que
944 3163 1037 3216 erant
1060 3154 1136 3216 olim
1161 3155 1235 3216 Rmi
1259 3153 1314 3215 dni
1331 3153 1486 3216 Iohannis
1503 3153 1566 3232 Epi
1583 3153 1779 3233 Lubransky

225 3267 258 3319 et
281 3268 357 3339 post
382 3269 521 3320 mortem
546 3259 689 3322 eiusdem
714 3260 884 3332 derelicta,
918 3271 1015 3341 prout
1050 3261 1081 3322 in
1105 3262 1243 3342 registro
1268 3261 1437 3323 inventarii
1462 3280 1519 3341 per
1542 3279 1594 3322 me
1618 3261 1779 3322 notarium

225 3365 401 3428 solenniter
421 3367 640 3448 conscriptum
666 3377 699 3429 et
723 3367 796 3428 huic
820 3368 967 3444 metrice,
994 3377 1091 3450 prout
1115 3369 1261 3450 superius
1284 3369 1474 3442 continetur,
1503 3367 1543 3429 de
1567 3366 1720 3430 mandato
1746 3377 1779 3431 et

225 3472 356 3534 decreto
380 3473 495 3552 prefati
520 3475 594 3536 Rmi
608 3523 636 3540 ..
660 3473 714 3536 dni
738 3473 823 3537 Petri
845 3474 908 3556 Epi
933 3485 966 3537 et
990 3475 1121 3554 capituli
1145 3474 1194 3537 sui
1216 3475 1356 3538 Poznan.
1380 3475 1555 3556 registrato
1572 3485 1605 3536 et
1623 3476 1779 3556 inscripto

225 3579 333 3642 omnia
357 3589 390 3642 et
414 3581 539 3660 singula
563 3582 748 3661 supradicta
772 3582 898 3662 plenius
922 3582 1084 3662 descripta
1101 3584 1317 3646 continentur.
1342 3583 1392 3645 De
1409 3581 1659 3664 quibusquidem
1677 3583 1779 3644 omni-

143 3729 149 3737 ·
224 3687 286 3750 bus
309 3697 342 3750 et
365 3687 499 3768 singulis
534 3689 726 3770 supradictis
761 3689 871 3762 rebus,
906 3691 1014 3754 taliter
1046 3711 1105 3770 per
1139 3692 1244 3772 ipsum
1279 3691 1377 3752 dnum
1410 3690 1587 3770 palatinum
1616 3690 1777 3773 prefatum

224 3794 365 3876 receptis
390 3803 423 3856 et
445 3793 576 3868 habitis,
611 3816 649 3857 ac
681 3797 721 3858 de
745 3797 820 3868 illis,
857 3819 920 3878 que
945 3798 993 3860 sui
1017 3798 1156 3860 factores
1179 3801 1211 3860 in
1235 3809 1348 3861 tenuta
1372 3798 1471 3860 clavis
1495 3797 1677 3879 Czyaszym
1701 3809 1778 3878 post

226 3913 363 3964 mortem
387 3901 500 3982 prefati
525 3902 600 3964 Rmi
624 3903 678 3965 dni
701 3903 856 3968 Iohannis
885 3903 1081 3986 Lubransky
1116 3905 1178 3985 Epi
1201 3905 1430 3968 Poznaniensis
1465 3905 1618 3967 derelicta
1652 3925 1779 3986 recepe-

223 4019 314 4082 runt,
337 4008 488 4071 videlicet
511 4009 679 4074 frumentis
702 4022 735 4074 et
759 4013 931 4092 pecoribus
954 4015 1102 4094 exceptis
1126 4012 1239 4076 CCCC
1255 4013 1388 4084 ovibus,
1411 4033 1491 4094 quas
1507 4014 1578 4092 ipse
1594 4012 1676 4074 dnus
1692 4012 1780 4092 pala·

223 4117 309 4178 tinus
334 4116 548 4178 restituendas
571 4117 640 4180 fore
663 4119 817 4198 predictis
852 4129 964 4182 tenute
997 4120 1115 4202 prediis
1140 4120 1287 4201 promisit
1311 4119 1427 4182 ibidem
1451 4131 1485 4182 et
1508 4119 1682 4201 obligavit,
1707 4140 1778 4199 pre·

223 4222 307 4285 satus
327 4223 469 4285 Rmus..
494 4224 577 4286 dnus
600 4225 712 4287 Petrus
736 4225 766 4287 d.
792 4247 821 4306 g.
845 4226 936 4308 Epus
958 4225 1098 4289 Poznan.
1123 4249 1165 4289 ex
1188 4229 1283 4290 certis
1300 4237 1333 4290 et
1348 4227 1498 4307 legitimis
1514 4227 1619 4288 causis
1634 4227 1776 4287 animum

222 4349 280 4392 sue
304 4329 369 4391 Ptis
393 4329 478 4392 Rme
503 4331 709 4394 moventibus
733 4332 871 4394 eundem
897 4331 995 4394 dnum
1019 4333 1197 4414 palatinum
1221 4333 1359 4396 Poznan.
1385 4334 1543 4414 prelatum
1569 4333 1726 4414 quietavit
1743 4343 1776 4394 et

223 4436 359 4498 liberum
383 4437 485 4512 misit;
511 4439 722 4519 promisitque
748 4437 865 4500 ibidem
890 4439 994 4501 dictus
1018 4439 1099 4502 dnus
1124 4441 1325 4520 palatinus..
1350 4440 1445 4502 nichil
1462 4441 1587 4502 ultra..
1613 4438 1777 4520 aprefato

221 4542 309 4604 Rmo
333 4543 398 4604 dno
419 4542 516 4604 Petro
541 4543 614 4625 Epo
638 4544 777 4607 Poznan.
802 4547 1001 4608 moderno..
1038 4547 1078 4609 de
1109 4547 1204 4610 rebus
1237 4547 1353 4628 prefati
1376 4547 1430 4609 dni
1454 4545 1608 4610 Iohannis
1631 4545 1773 4608 Lubran-

221 4649 272 4713 ski
294 4649 357 4728 Epi
380 4648 518 4712 Poznan.
544 4651 684 4714 defuncti
699 4701 727 4715 ..
753 4663 882 4733 petere,
907 4654 1087 4734 quinimmo
1111 4653 1228 4716 ibidem
1252 4674 1366 4716 omnes
1383 4654 1643 4734 obligationes..
1669 4652 1777 4714 annul·

221 4757 317 4828 lavit,
344 4777 472 4819 necnon
496 4769 669 4839 argentum
693 4769 818 4822 certum
843 4769 875 4822 et
899 4761 1053 4840 pecunias
1078 4771 1144 4823 tam
1169 4762 1198 4822 in
1224 4761 1373 4823 manibus
1395 4759 1525 4841 magnii.
1549 4759 1602 4820 dni
1625 4759 1714 4821 Luce
1736 4759 1777 4820 de

221 4862 333 4926 Gorka
368 4862 534 4927 castellani
569 4865 704 4928 Poznan.
739 4876 772 4929 et
807 4867 967 4946 capitanei
1002 4869 1133 4930 Maioris
1167 4868 1302 4930 Polonie
1332 4869 1363 4929 in
1393 4868 1578 4947 depositum
1602 4865 1712 4928 datum
1737 4885 1775 4927 ac

218 4973 316 5032 etiam
341 4971 428 5052 quod
453 4971 484 5032 in
508 4971 643 5036 ecclesia
676 4973 814 5034 Poznan.
838 4973 1027 5046 habebatur,
1066 4975 1199 5037 liberum
1231 4995 1268 5036 ac
1293 4974 1409 5036 liberas
1445 4973 1570 5054 prefato
1600 4971 1685 5034 Rmo
1709 4971 1775 5032 dno

219 5077 295 5158 Epo
318 5077 477 5140 moderno
501 5088 534 5140 et
557 5100 614 5142 sue
638 5081 773 5142 ecclesie
798 5102 871 5143 esse
894 5082 996 5144 voluit
1021 5082 1217 5163 minimeque
1241 5103 1276 5144 se
1301 5092 1333 5144 et
1357 5101 1434 5143 suos
1458 5097 1662 5142 successores
1686 5077 1727 5138 de
1744 5087 1777 5139 et

220 5205 319 5264 super
342 5184 493 5247 omnibus
517 5195 550 5248 et
574 5185 707 5268 singulis
742 5187 926 5250 huiusmodi
959 5209 996 5249 ac
1027 5189 1123 5250 bonis
1158 5199 1191 5250 et
1215 5189 1311 5250 rebus
1344 5186 1504 5249 derelictis
1539 5184 1695 5265 impedire
1720 5205 1776 5246 seu

219 5291 436 5355 intromittere
459 5291 516 5354 sed
541 5303 732 5374 perpetuum
769 5295 930 5356 silentium
966 5295 1086 5357 habere
1121 5295 1268 5374 promisit
1300 5304 1332 5357 et
1363 5293 1513 5356 omnibus
1544 5291 1776 5354 actionibus..

221 5398 417 5461 renuntiavit
441 5447 467 5461 ..
492 5400 698 5480 presentibus
722 5401 839 5464 ibidem
864 5401 990 5482 prefato
1014 5402 1145 5482 magnif.
1169 5401 1234 5463 dno
1259 5401 1348 5464 Luca
1365 5401 1405 5462 de
1422 5399 1533 5462 Gorka
1548 5397 1726 5460 castellano
1743 5405 1777 5458 et

221 5505 395 5585 capitaneo
417 5525 456 5567 ac
480 5507 647 5586 generosis
682 5505 754 5570 dnis
778 5507 954 5570 Vincentio
978 5506 1097 5570 Svidva
1122 5508 1162 5570 de
1186 5506 1407 5569 Schamothuli
1443 5504 1620 5568 castellano
1645 5502 1776 5576 Gnezn.,

220 5611 384 5676 Stanislao
409 5611 449 5686 de
472 5598 648 5678 Thomicz'e
672 5614 850 5677 castellano
875 5613 1161 5696 Myedzirzecensi‚
1192 5613 1287 5680 Petro
1311 5612 1594 5694 Wloszalrowslry,
1629 5608 1775 5675 Iohanne
