4458 6356
415 531 450 598 18
921 533 1015 584 nem
1034 531 1196 585 carnum
1216 532 1471 602 roznnnnsnsrs

411 625 1519 636 -..qh-‚w
1526 623 1961 634 ——-——-·—-——-—·=-—-

409 747 605 828 Wysszotha
629 748 759 812 docebit
783 769 841 830 per
865 749 988 812 litteras
1010 749 1144 813 rectoris
1169 749 1396 813 Universitatis
1420 751 1493 812 iuris
1517 750 1671 822 canonici,
1695 769 1736 810 an
1761 747 1960 810 continuavit

406 855 564 927 studium,
588 877 628 916 an
656 875 730 917 non.

513 957 574 1026 85.
600 961 702 1044 (Ibid.)
735 961 779 1024 Et
802 961 921 1024 ibidem
946 964 1116 1026 memorati
1147 963 1202 1025 dni
1233 963 1348 1044 prelati
1379 974 1412 1027 et
1443 964 1589 1026 canonici
1621 962 1838 1034 considerato,
1874 959 1962 1042 quod

351 1074 353 1078 ’
405 1089 513 1132 vener.
546 1069 629 1132 dnus
653 1067 876 1150 Wysschotha
912 1071 1096 1150 prepositus
1133 1069 1273 1132 Poznan.
1310 1071 1562 1152 obprobriosum
1594 1071 1625 1132 in
1657 1069 1861 1132 sermonibus
1884 1087 1962 1148 erga

405 1175 488 1237 dnos
513 1175 558 1258 [se
584 1173 807 1260 monstraretl,
832 1175 1052 1247 decreverunt,
1077 1177 1214 1257 quodsi
1239 1181 1269 1238 in
1294 1189 1450 1259 quantum
1482 1199 1517 1242 se
1549 1190 1664 1258 postea
1695 1177 1847 1240 ostendet
1873 1175 1961 1236 surio·

405 1303 485 1356 sum,
510 1292 624 1346 contra
648 1303 721 1344 eum
746 1283 869 1345 iusticia
893 1284 1056 1346 mediante
1080 1285 1259 1364 procedere
1282 1305 1317 1348 se
1341 1285 1425 1348 velle
1448 1285 1608 1348 dixerunt.

623 1501 665 1564 A.
695 1517 793 1580 1432,
818 1501 1014 1566 Novembris
1043 1505 1096 1580 16,
1121 1505 1153 1567 in
1176 1505 1319 1587 capitulo
1344 1505 1496 1587 generali.
1512 1505 1535 1585 ¹)

514 1639 574 1708 86.
598 1643 629 1726 (l.
655 1643 709 1725 88)
734 1643 822 1706 Item‘
847 1644 967 1707 ibidem
998 1645 1086 1709 dicto
1119 1666 1225 1709 vener.
1250 1667 1344 1728 mgro
1367 1646 1590 1728 Wysschothe
1614 1648 1784 1728 preposito
1808 1646 1960 1725 simplum

406 1751 535 1813 racione
559 1753 836 1832 prepositure
858 1751 955 1814 Pozn.
980 1753 1022 1814 ad
1045 1753 1162 1816 festum
1186 1753 1424 1818 Purificacionis
1448 1755 1549 1816 Marie
1572 1753 1713 1816 dandum
1739 1754 1960 1824 decreverunt,

404 1857 569 1938 de'duplo
592 1879 670 1920 vero
694 1859 823 1920 racione
853 1859 996 1922 eiusdem
1020 1861 1222 1942 prepositure
1246 1861 1316 1936 dni,
1352 1861 1428 1924 dum
1460 1862 1592 1924 doctum
1617 1861 1711 1924 luerit
1734 1861 1774 1922 de
1799 1861 1964 1923 continua·

405 1966 499 2029 cione
522 1966 630 2041 studii,
666 1975 700 2029 et
722 1965 828 2029 littere
851 1987 870 2028 a
894 1967 997 2030 latore
1020 1967 1137 2031 suerint
1160 1978 1306 2050 portate,
1343 1989 1379 2032 se
1403 1971 1504 2032 eciam
1528 1969 1679 2032 dixerunt
1703 1987 1925 2049 responsuros.
1942 1967 1964 2048 ⁹)

624 2189 668 2252 A.
698 2205 797 2268 1432,
821 2188 1017 2252 Novembris
1046 2203 1092 2269 17,
1117 2190 1148 2251 in
1173 2189 1317 2272 capitulo
1342 2189 1494 2272 generali.

516 2325 577 2394 87.
602 2307 733 2412 (11880)
758 2331 819 2393 Die
843 2330 934 2393 Lune
964 2331 1045 2394 XVI
1069 2333 1108 2414 (s)
1133 2331 1371 2395 Novembris..
1397 2331 1568 2394 memorati
1599 2330 1653 2393 dni
1678 2330 1792 2411 prelati
1815 2339 1848 2393 et
1872 2350 1965 2392 cano·

408 2435 470 2497 nici
494 2437 684 2500 tractatibus
708 2439 826 2500 mutuis
851 2436 991 2520 desuper
1013 2438 1190 2518 prehabitis
1214 2440 1254 2501 de
1278 2438 1429 2502 iratribus
1453 2439 1528 2508 hiis,
1554 2439 1608 2519 qui
1631 2441 1740 2520 sepius
1763 2437 1804 2500 ab
1829 2437 1963 2498 ecclesia

409 2544 439 2604 in
464 2542 587 2608 factis
611 2545 790 2608 ecclesie
813 2546 983 2618 recedunt,
1016 2566 1056 2607 an
1080 2547 1288 2627 porcionibus
1312 2545 1528 2609 releccionum
1551 2545 1719 2620 omnibus,
1753 2565 1834 2625 quas
1859 2544 1964 2606 taliter

408 2653 550 2733 recipere
573 2651 751 2734 negligunt,
775 2653 882 2715 sortiri
905 2664 939 2716 et
962 2653 1104 2734 gaudere
1129 2655 1160 2715 in
1177 2664 1249 2716 toto
1266 2653 1423 2732 debeant,
1447 2675 1510 2735 que
1526 2653 1676 2716 fratribus
1693 2652 1762 2714 aliis
1779 2651 1964 2732 largiuntur,

408 2761 620 2824 decreverunt
643 2761 835 2823 unanimiter
858 2771 891 2823 et
915 2761 1219 2834 determinaverunt,
1244 2760 1332 2842 quod
1355 2759 1484 2832 fratres
1509 2763 1562 2840 qui
1585 2761 1617 2820 in
1641 2759 1734 2821 lactis
1751 2758 1887 2820 ecclesie
1904 2776 1963 2837 pro
2058 2775 2060 2778 ·

408 2867 656 2932 limitacionibus
679 2877 734 2930 aut
758 2869 827 2930 aliis
851 2869 994 2950 negociis
1019 2869 1196 2940 mittuntur,
1221 2868 1429 2950 porcionibus
1453 2868 1603 2929 omnibus
1627 2865 1909 2928 etrefeccionibus
1925 2883 1963 2925 ac

410 2975 548 3056 panibus
572 2975 640 3038 dari
662 2975 826 3038 consuetis
851 2975 1040 3058 gaudebunt
1064 2984 1096 3038 et
1119 2977 1307 3038 sorcientur.

624 3184 666 3250 A.
694 3201 792 3266 1432,
817 3185 1006 3260 Decembris
1029 3203 1061 3272 7,
1085 3188 1117 3248 in
1141 3187 1292 3269 capitulo.

519 3326 579 3395 88.
604 3327 638 3410 (Ι.
662 3329 718 3408 90)
733 3378 761 3392 ..
787 3327 826 3390 D.
850 3327 934 3393 Solis
958 3330 1005 3392 IX
1028 3331 1068 3412 (s)
1091 3329 1282 3392 Decembris
1306 3351 1413 3393 vener.
1448 3329 1530 3392 dnus
1554 3329 1753 3410 Predvogius
1776 3328 1817 3390 de
1841 3325 1962 3390 Grandi

413 3437 546 3500 vicarius
577 3437 609 3498 in
639 3434 801 3517 Spiritual.
832 3435 928 3501 Pozn.
953 3457 1062 3520 gener.
1087 3447 1120 3500 et
1144 3437 1198 3499 dni
1228 3437 1269 3499 de
1300 3437 1441 3518 capitulo
1468 3436 1599 3520 magnif.
1632 3439 1701 3498 viro
1733 3435 1798 3496 dno
1825 3433 1964 3514 Johanni

411 3543 571 3606 Lithinski
594 3542 737 3626 palatino
761 3543 962 3607 Lanciciensi
986 3546 1030 3608 ob
1055 3544 1327 3626 complacenciam
1343 3543 1516 3626 specialem
1540 3545 1587 3608 lV
1611 3563 1735 3606 marcas
1752 3542 1874 3605 dandas
1897 3541 1965 3602 fore

411 3649 638 3726 decreverunt,
663 3673 726 3734 que
749 3672 808 3734 per
832 3652 930 3714 dnum
955 3650 1111 3714 Mathiam
1135 3651 1345 3734 Chlapowski
1367 3652 1428 3714 sibi
1451 3661 1526 3714 sunt
1548 3654 1722 3734 assignate.

617 3861 662 3926 A.
691 3879 790 3942 1432,
815 3863 1005 3926 Decembris
1030 3881 1087 3943 30,
1112 3863 1143 3926 in
1168 3864 1320 3946 capitulo.

520 3999 581 4068 89.
607 4005 641 4084 (1.
666 4005 721 4089 91)
742 4005 794 4068 De
816 4007 1005 4087 prodicione
1030 4018 1239 4070 secretorum.
1263 4045 1305 4054 —
1329 4007 1390 4070 Die
1414 4008 1568 4070 Martis..
1593 4027 1700 4068 vener.
1726 4015 1758 4068 et
1778 4005 1891 4067 honor.
1908 4003 1965 4066 viri

413 4109 508 4173 dni..
531 4111 646 4191 prelati
670 4123 703 4176 et
726 4115 913 4176 canonici..
939 4115 1152 4177 consideratis
1183 4115 1332 4196 periculis
1365 4125 1398 4178 et
1421 4115 1650 4196 displicenciiS,
1686 4133 1748 4194 que
1772 4133 1830 4193 per
1853 4111 1965 4174 fratres

412 4217 453 4278 de
477 4219 601 4298 gremio
625 4219 756 4300 capituli
780 4221 868 4301 apud
898 4220 1018 4284 Rmum
1050 4233 1176 4302 patrem
1206 4223 1304 4284 dnum
1340 4221 1635 4285 Stanislaum
1672 4221 1779 4300 Epum
1802 4219 1898 4282 Pozn.
1923 4237 1966 4280 ex

412 4325 600 4404 prodicione
623 4337 822 4390 secretorum
846 4329 977 4410 capituli
1001 4328 1122 4392 fiebant
1145 4339 1178 4392 et
1202 4332 1310 4411 sepius
1335 4331 1595 4402 committuntur,
1620 4329 1770 4410 periculis
1794 4328 1890 4409 igitur
1913 4325 1966 4387 hu-

411 4429 547 4492 iusmodi
570 4433 702 4495 obviare
726 4435 882 4511 volentes
907 4455 947 4498 ne
971 4447 1096 4499 secreta
1120 4437 1252 4518 capituli
1271 4458 1334 4518 per
1357 4439 1541 4519 quempiam
1565 4436 1716 4498 decetero
1741 4434 1962 4516 proderentur,

411 4537 589 4602 iuramenta
612 4541 794 4622 corporalia
817 4542 858 4605 de
883 4563 948 4605 non
972 4543 1160 4624 prodicione
1184 4555 1383 4608 secretorum
1407 4543 1538 4624 capituli
1562 4544 1782 4625 prestiterunt.

628 4751 672 4814 A.
702 4769 801 4852 1431,
819 4754 959 4834 Januarii
988 4772 1041 4834 13,
1065 4757 1097 4818 in
1121 4756 1274 4839 capitulo

522 4889 580 4956 90.
604 4893 639 4974 (Ι.
663 4895 719 4974 92)
755 4896 805 4958 De
828 4896 994 4960 solucione
1026 4918 1213 4980 capparum.
1238 4935 1281 4945 —
1303 4898 1365 4962 Die
1388 4897 1555 4964 Martiis„
1588 4897 1703 4980 prelati
1725 4906 1758 4959 et
1781 4895 1966 4958 canonici..

413 4999 637 5082 attendentes,
671 5003 807 5082 qualiter
841 5005 1026 5069 ecclesia
1057 5027 1082 5069 s.
1111 5006 1240 5068 Maric
1269 5008 1300 5068 in
1331 5005 1466 5069 Summo
1499 5005 1638 5069 Poznan.
1662 5005 1801 5070 edificari
1835 5003 1966 5082 incepta

524 5297 540 5364 ¹)
562 5299 639 5349 Pelna
658 5301 718 5350 data
737 5302 837 5369 opiewa
866 5304 932 5352 ›Die
951 5303 1017 5353 Solis
1036 5304 1085 5352 XV
1103 5303 1289 5364 Novembris‹;
1319 5305 1358 5352 ale
1384 5304 1514 5354 Niedziela
1539 5321 1573 5370 po
1599 5310 1642 5356 sw.
1669 5304 1792 5354 Marcinie
1818 5299 1970 5368 przypadaln

413 5402 435 5435 w
454 5403 472 5438 r.
497 5399 563 5451 1432
583 5407 615 5438 na
638 5388 669 5439 11)
689 5391 835 5457 Listopada.

521 5475 541 5540 ²)
562 5479 747 5544 Bezpos'rednio
766 5483 842 5546 praed
862 5475 1312 5550 1121111111101111122121111111111
1336 5483 1461 5532 zamiescil
1486 5499 1517 5530 nn
1536 5482 1621 5531 karcle
1646 5479 1679 5531 88
1695 5483 1800 5547 napislre
1819 5483 1967 5546 identyczna

412 5581 424 5613 z
444 5565 489 5618 Nr.
510 5565 551 5630 84,
571 5586 583 5616 z
602 5579 627 5633 11
647 5569 716 5635 tylko
736 5572 847 5636 rolnica,
869 5573 895 5621 le
913 5575 939 5638 ja
957 5575 1074 5639 podzielil
1094 5591 1127 5624 na
1148 5593 1160 5626 2
1181 5575 1295 5642 odrebne
1314 5574 1399 5638 cresci.
