4416 6366
436 580 496 646 106
930 579 1023 631 hcm
1042 581 1204 632 cantum
1224 579 1477 631 Poznaunausn

1689 673 1733 678 -.-
1756 673 1789 677 --
1820 667 1981 678 ..ω-.-.ω

431 797 499 860 laus
530 797 570 858 de
602 795 741 870 Costen,
777 795 997 868 Bernhardus‚
1029 793 1206 876 Gregorius
1237 792 1409 874 Skoczsky
1441 803 1474 856 et
1505 792 1666 856 Iohannes
1700 793 1740 854 de
1772 791 1918 873 Popowo
1949 801 1982 854 et

432 903 555 967 Hector
579 903 619 966 de
643 905 832 984 Pyesczyno
858 903 973 984 prelati
997 913 1029 964 et
1054 903 1200 964 canonici
1232 901 1367 964 ecclesie
1398 900 1670 962 Poznaniensis..
1704 919 1755 961 me
1786 897 1981 961 Stanislaum

428 1013 505 1074 olim
529 1011 597 1074 Viti
621 1011 662 1073 de
686 1011 842 1074 Cleczsho
867 1012 1026 1072 notarium
1050 1011 1243 1072 auctoritate
1269 1009 1423 1088 imperiali
1447 1008 1625 1088 publicum,
1652 1018 1785 1086 recepto
1802 1027 1820 1066 a
1838 1025 1890 1067 me
1907 1007 1982 1067 iura·

429 1139 543 1181 menso
568 1119 727 1200 corporali
759 1119 864 1189 solitu,
897 1120 928 1178 in
962 1117 1121 1178 notarium
1158 1127 1190 1179 et
1223 1116 1362 1178 scribam
1398 1115 1530 1194 capituli
1565 1115 1770 1176 concorditer
1792 1124 1982 1194 receperunt

429 1225 649 1308 sigillumque,
674 1226 882 1287 metricam
906 1235 940 1286 et
963 1225 1043 1286 alios
1068 1223 1166 1286 libros
1182 1223 1242 1286 Vll
1260 1225 1291 1284 in
1308 1243 1441 1284 numero
1458 1232 1668 1302 computatos
1684 1221 1778 1282 simul
1802 1221 1982 1282 statutis

429 1333 777 1412 provincialibus
802 1331 937 1394 fideliter
959 1330 1154 1392 reservanda
1178 1329 1370 1392 manualiter
1393 1328 1604 1392 tradiderunt.

643 1509 686 1572 A.
716 1511 814 1588 1461,
839 1507 1006 1570 Februarii
1032 1521 1089 1586 27,
1113 1507 1145 1568 in
1169 1506 1322 1588 capitulo.

537 1640 624 1710 547.
650 1643 696 1724 (ll.
724 1645 820 1722 235).
836 1692 842 1706 .
869 1641 989 1706 Vener.
1015 1653 1125 1722 patres
1142 1653 1174 1702 et
1191 1641 1244 1701 dni
1262 1639 1371 1701 Adam
1389 1641 1546 1711 decanus,
1570 1638 1684 1701 Petrus
1700 1649 1822 1708 cantor,
1846 1637 1981 1700 Iacobus

429 1752 634 1824 scolasticus,
671 1751 825 1812 Nicolaus
856 1750 996 1811 Poznan.
1029 1759 1061 1811 et
1093 1748 1288 1810 Vincencius
1320 1745 1521 1808 Pczewensis
1556 1745 1787 1808 archidiaconi.
1823 1745 1981 1814 Clemens,

429 1857 585 1930 Mathias‚
617 1857 778 1919 lohannes
802 1856 963 1928 Wisrote‚
996 1853 1226 1935 Sandivogius‚
1258 1874 1340 1934 mgr.
1365 1853 1624 1934 DobrogostiuS‚
1657 1851 1852 1924 Stanislaus‚
1886 1853 1980 1914 Bem-

429 1965 563 2038 hardus‚
587 1964 747 2026 Iohannes
770 1964 811 2025 de
835 1965 990 2045 Popow0.
1015 1975 1047 2024 et
1072 1961 1196 2024 Hector
1220 1961 1333 2042 prelati
1350 1972 1382 2023 et
1398 1961 1543 2021 canonici
1560 1961 1695 2023 ecclesie
1713 1960 1938 2022 Poznaniensis
1953 2007 1981 2020 ..

357 2093 362 2100 ·
430 2071 601 2154 magnifico
625 2071 690 2132 dno
715 2071 809 2133 Petro
834 2071 874 2132 de
890 2067 1090 2133 Schamotuli
1108 2067 1286 2130 castellano
1303 2067 1442 2130 Poznan.
1461 2078 1494 2129 et
1510 2068 1681 2148 capitaneo
1698 2067 1830 2129 Maioris
1847 2065 1979 2128 Polonie

430 2178 573 2260 generali
595 2177 628 2239 X
648 2177 717 2238 hor.
742 2177 887 2259 Hungar.
914 2177 1117 2238 donaverunt
1141 2185 1174 2238 et
1194 2175 1259 2236 dno
1276 2173 1464 2236 Bernhardo
1480 2175 1681 2254 procuratori
1697 2175 1764 2237 dari
1782 2176 1822 2236 de
1839 2175 1982 2257 pecuniis

429 2285 562 2366 capituli
585 2284 831 2346 mandaverunt.

644 2459 687 2523 A.
719 2461 809 2539 1461,
834 2460 913 2523 lunii
939 2475 989 2538 30,
1012 2461 1042 2520 in
1068 2458 1212 2539 capitulo
1237 2458 1388 2540 generali.

539 2590 625 2660 548.
651 2593 699 2676 (II.
725 2595 812 2672 237).
838 2592 960 2655 Ibidem
985 2593 1097 2654 honor.
1122 2593 1204 2654 dnus
1228 2592 1425 2654 Wladislaus
1449 2591 1489 2653 de
1506 2591 1666 2652 Poznania
1682 2589 1831 2653 docendo
1847 2611 1882 2652 se
1899 2590 1985 2652 nobi·

431 2703 493 2766 lem
518 2723 560 2765 ex
584 2712 676 2783 patre
709 2701 835 2762 induxit
868 2700 950 2762 duos
980 2711 1098 2762 testes:
1131 2699 1279 2762 videlicet
1312 2699 1438 2760 nobiles
1470 2698 1622 2761 Iacobum
1647 2697 1927 2780 Wangorzewshy
1951 2709 1985 2759 et

430 2809 662 2890 Sandivogium
687 2807 934 2888 Michaleczslry,
959 2807 1013 2888 qui
1037 2807 1176 2868 eundem
1201 2807 1232 2867 in
1257 2807 1423 2886 presencia
1447 2805 1606 2867 dictorum
1631 2805 1767 2866 duorum
1786 2805 1984 2886 prelatorum

430 2927 463 2980 et
487 2916 714 2978 canonicorum
739 2915 973 2996 conpurgando
998 2935 1056 2994 per
1080 2915 1293 2976 iuramentum
1313 2913 1482 2994 corporale
1498 2912 1720 2992 deposuerunt
1745 2931 1818 2974 eum
1834 2911 1875 2974 de
1892 2921 1985 2992 patre

432 3024 532 3086 nobili
556 3043 627 3086 esse
651 3033 857 3104 procreatum
881 3022 921 3083 de
944 3023 1041 3083 armis
1066 3021 1198 3102 Bylyna.

540 3162 627 3231 549.
652 3164 755 3246 (ibid.)
778 3163 860 3226 Item
886 3164 1004 3225 ibidem
1029 3163 1133 3225 Rmus
1147 3211 1174 3224 ..
1200 3163 1283 3224 dnus
1306 3162 1457 3224 Andreas
1482 3163 1571 3242 Epus
1592 3161 1731 3223 Poznan.
1749 3161 1869 3222 dictum
1886 3160 1986 3222 dnum

432 3275 643 3337 Wladislaum
667 3273 708 3334 de
732 3273 892 3334 Poznania
917 3291 959 3332 ex
982 3272 1225 3351 permutacione
1242 3290 1314 3331 cum
1331 3269 1397 3331 duo
1414 3269 1582 3331 Abraham
1604 3269 1810 3348 Lassoczslty
1827 3269 1986 3328 canonico

431 3383 570 3444 Poznan.
596 3401 655 3461 pro
680 3379 846 3456 prebenda
870 3379 947 3440 dieti
971 3377 1024 3438 dni
1052 3377 1217 3439 Wladislai
1249 3378 1278 3438 in
1304 3377 1440 3438 ecclesia
1463 3376 1738 3446 Wladislaviensi,
1772 3385 1904 3455 recepta
1928 3375 1987 3454 pri-

431 3490 529 3551 mitus
552 3487 776 3569 resignacione
808 3506 866 3565 per
895 3486 994 3547 dnum
1027 3484 1196 3546 Nicolaum
1228 3485 1269 3546 de
1301 3482 1518 3546 Glambocecz
1548 3483 1809 3544 archidiaconum
1842 3481 1985 3542 Poznan.

432 3596 508 3658 dicti
531 3596 585 3656 dni
609 3593 744 3656 Abrahe
769 3603 1011 3674 procuratorem
1036 3603 1068 3652 et
1092 3593 1248 3666 admissa,
1272 3591 1313 3652 ad
1332 3593 1558 3653 canonicatum
1576 3600 1608 3652 et
1625 3589 1824 3670 prebendam
1841 3588 1986 3650 eiusdem

431 3701 485 3764 dni
509 3699 644 3764 Abrahe
667 3700 832 3762 investivit
857 3719 915 3779 per
939 3719 1052 3761 manus
1080 3719 1137 3761 sue
1161 3699 1258 3779 capiti
1292 3719 1351 3760 suo
1382 3699 1627 3780 inposicionem.
1675 3697 1718 3758 Et
1749 3695 1869 3757 ibidem
1901 3694 1987 3756 idem

431 3809 514 3870 dnus
537 3807 733 3870 Wladislaus
748 3853 777 3872 ..
799 3827 857 3888 per
881 3807 1024 3888 prelatos
1049 3806 1133 3866 dnos
1157 3805 1302 3886 prelatos
1325 3815 1359 3868 et
1383 3806 1557 3867 canonicos
1580 3815 1630 3868 est
1654 3813 1846 3885 receptus..

644 3982 688 4046 A.
717 3985 815 4062 1461,
839 3981 907 4046 Iulii
933 3999 969 4062 3,
993 3983 1023 4044 in
1048 3981 1200 4063 capitulo

543 4113 631 4182 550.
668 4115 718 4198 (II.
745 4118 863 4196 239)..
899 4116 934 4176 In
967 4116 1065 4177 domo
1097 4116 1151 4176 dni
1175 4117 1317 4176 cantoris
1340 4114 1457 4177 nobilis
1480 4113 1629 4176 Mleczko
1652 4113 1746 4176 heres
1770 4114 1799 4174 in
1825 4113 1985 4176 Sborowo

432 4226 473 4286 ab
498 4245 561 4287 una
585 4235 618 4286 et
642 4243 722 4306 mgr.
747 4223 989 4304 Dobrogostius
1020 4224 1194 4284 canonicus
1226 4223 1365 4284 Poznan.
1399 4242 1497 4302 super
1528 4241 1593 4283 uno
1624 4241 1747 4295 manso,
1780 4241 1876 4302 quem
1908 4220 1986 4282 dicit

432 4333 503 4412 ipse
526 4331 644 4393 nobilis
668 4331 820 4392 scultecie
844 4333 875 4391 in
899 4331 974 4392 villa
998 4329 1197 4392 Conarzewo
1221 4330 1336 4390 minori
1359 4340 1392 4391 et
1417 4348 1511 4410 quem
1536 4328 1665 4409 quidam
1690 4329 1793 4390 Mirek
1817 4329 1911 4400 colit,
1943 4327 1986 4388 ab

432 4439 534 4501 altera
557 4438 720 4520 partibus,
744 4438 785 4500 de
808 4438 875 4500 alto
900 4449 932 4499 et
955 4437 1054 4500 basso
1078 4437 1138 4499 sub
1163 4456 1248 4516 pena
1272 4447 1403 4498 centum
1427 4435 1495 4498 lior.
1521 4437 1551 4497 in
1576 4437 1659 4498 dnos
1683 4435 1792 4498 Adam
1816 4435 1986 4506 decanum,

431 4544 564 4608 Petrum
595 4555 779 4618 cantorem,
811 4543 982 4606 Nicolaum
1014 4544 1053 4606 de
1085 4543 1234 4606 Sobotha
1262 4544 1431 4605 custodem
1465 4554 1620 4623 tanquam
1651 4543 1682 4604 in
1710 4561 1821 4604 eorum
1845 4542 1987 4604 arbitros

432 4655 740 4734 compromiserunt,
765 4653 819 4734 qui
843 4653 897 4713 dni
921 4651 981 4713 sub
1005 4671 1089 4732 pena
1113 4651 1237 4731 prelata
1262 4651 1559 4722 sentenciaverunt‚
1589 4650 1676 4730 quod
1700 4651 1770 4731 ipse
1794 4649 1898 4712 Mirelc
1922 4648 1987 4711 sol-

432 4773 487 4823 vet
503 4761 645 4822 lertones
662 4761 702 4822 de
718 4760 806 4822 dicto
823 4779 937 4820 manso
954 4778 1091 4832 exnunc,
1109 4759 1240 4831 tamdiu,
1257 4759 1361 4819 donec
1378 4756 1600 4820 conclusio
1618 4757 1835 4840 generalis
1860 4775 1988 4836 super

432 4868 590 4930 mansis
622 4866 906 4929 scultetorum
938 4867 978 4926 in
1001 4875 1096 4927 toto
1128 4885 1269 4945 regno,
1300 4883 1383 4944 quos
1406 4863 1459 4924 alii
1482 4875 1689 4944 preterquam
1713 4861 1841 4926 sculteti
1866 4861 1987 4938 colunt,

431 4975 516 5037 aliud
540 4975 765 5046 declaraverit,
791 4985 824 5036 et
848 4973 888 5034 de
904 4973 1038 5036 retentis
1053 4972 1192 5034 eundem
1209 4971 1419 5043 absolvendo
1444 4971 1493 5032 cui
1510 4969 1629 5032 ibidem
1646 4991 1727 5051 mgr.
1745 4969 1988 5053 Dobrogostius

431 5083 598 5146 consensit
630 5083 659 5144 in
692 5081 951 5157 absolucionem;
986 5099 1083 5161 quam
1115 5081 1314 5142 sentenciam
1338 5079 1423 5142 idem
1447 5077 1564 5140 nobilis
1587 5097 1646 5140 suo
1670 5087 1703 5140 et
1727 5077 1802 5140 dicti
1827 5079 1875 5140 sui
1899 5077 1987 5138 kme-

431 5188 542 5252 thonis
568 5185 721 5274 [nomine]
747 5197 779 5251 et
803 5187 874 5267 ipse
902 5187 1058 5267 magister
1089 5185 1313 5267 approbarunt
1346 5194 1379 5248 et
1411 5184 1656 5267 emologarunt;
1688 5183 1893 5266 presentibus
1923 5193 1988 5246 etc.

645 5363 690 5427 A.
719 5366 819 5444 1461,
844 5361 998 5427 Octobris
1022 5379 1082 5442 24,
1105 5363 1137 5424 in
1162 5361 1313 5444 capitulo.

544 5494 631 5564 551.
657 5499 705 5578 (Η.
730 5497 832 5582 240⁰).
865 5497 927 5560 Die
950 5497 1089 5560 sabbato
1104 5544 1134 5560 ..
1162 5517 1270 5558 vener.
1296 5495 1350 5558 dni
1373 5495 1482 5558 Adam
1506 5496 1664 5569 decanus,
1688 5493 1842 5556 Nicolaus
1866 5504 1989 5567 custos,

431 5605 569 5672 Iacobus
592 5605 799 5684 scolasticus,
831 5604 1028 5667 Vincencius
1061 5603 1304 5668 archidiaconus
1336 5602 1551 5680 Pczewensis,
1583 5601 1723 5665 Mathias
1748 5601 1787 5663 de
1811 5599 1988 5686 Croznyno
