4390 6368
890 581 980 634 ANNI
1000 578 1078 637 1505.
1709 579 1770 662 189

208 676 932 686 -η-ψ-ῳ--ψ--η
1196 675 1395 682 -—---.--.—-
1410 675 1437 682 -η
1449 673 1771 682 *m

314 794 401 864 995.
437 797 549 880 (Ibid.).
585 797 667 862 Item
705 797 931 880 sigillaverunt
967 797 1172 880 privilegium
1212 797 1398 860 donationis
1429 795 1504 859 iuris
1527 804 1718 878 patronatus
1742 805 1775 859 et

206 906 388 970 collationis
424 905 589 986 prebende
626 907 659 968 in
694 906 784 969 eccle
803 907 850 970 sia
884 905 1038 977 Poznan.,
1074 926 1172 987 quam
1203 905 1244 966 ad
1274 924 1410 986 presens
1441 924 1549 966 vener.
1574 904 1656 966 dnus
1679 903 1775 965 Felix

210 1015 438 1096 Drzewiczsky
461 1016 597 1090 obtinet,
622 1034 681 1096 per
704 1014 825 1076 Rmum
859 1013 962 1076 dnum
987 1013 1093 1094 Epum
1118 1011 1297 1074 Iohannem
1322 1011 1517 1092 Lubransky
1542 1019 1575 1072 et
1599 1011 1774 1092 capitulum

208 1121 287 1184 Smo
310 1122 376 1184 dno
411 1121 604 1184 Alexandro
628 1122 697 1203 regi
720 1119 856 1184 Polonie
891 1120 975 1184 facte
998 1123 1031 1182 in
1058 1139 1318 1201 recompensam
1343 1129 1375 1182 et
1399 1120 1599 1200 semipignus
1623 1119 1698 1181 iuris
1722 1099 1775 1200 pa-

205 1237 354 1292 tronatus
386 1229 522 1292 ecclesie
557 1229 752 1310 parochialis
793 1230 824 1290 in
847 1228 1057 1292 Msczonowo
1082 1247 1140 1309 per
1165 1227 1269 1308 ipsam
1297 1227 1399 1288 Mtem
1424 1227 1464 1288 R.
1486 1225 1630 1306 capitulo
1654 1226 1773 1292 donati,

207 1336 294 1416 quod
318 1335 438 1398 ibidem
460 1337 526 1398 dno
551 1335 683 1417 Gorsky
707 1336 851 1399 eiusdem
875 1335 953 1398 Mtis
976 1336 1150 1397 secretario
1174 1333 1336 1397 dederunt
1361 1344 1394 1397 et
1421 1332 1650 1415 sigillationem
1667 1333 1772 1414 ipsam

206 1462 265 1524 per
288 1442 337 1506 IV
359 1464 406 1525 gr.
431 1463 450 1506 a
473 1452 683 1527 procuratore
708 1445 754 1506 eis
778 1442 888 1506 datam
913 1450 1116 1524 receperunt.

426 1690 469 1754 A.
499 1703 598 1772 1505,
624 1689 766 1773 Augusti
796 1691 849 1763 18,
873 1690 905 1752 in
929 1687 1073 1771 capitulo
1099 1688 1252 1772 generali.

315 1847 402 1916 996.
427 1850 510 1931 (Vll.
534 1851 588 1933 7⁰).
612 1851 695 1914 Item
721 1851 825 1914 Rmus
849 1850 932 1912 dnus
961 1847 1127 1912 Iohannes
1149 1848 1241 1929 Epus
1264 1847 1351 1911 misit
1375 1847 1498 1912 litteras
1521 1867 1597 1910 suas
1617 1847 1688 1910 duis
1705 1869 1775 1928 pre·

208 1957 281 2020 latis
304 1968 338 2020 et
362 1959 524 2020 canonicis
549 1979 607 2038 per
632 1979 686 2020 me
708 1959 750 2020 de
772 1959 916 2039 ipsorum
943 1956 1106 2018 mandato
1130 1965 1260 2038 apertas
1284 1965 1317 2018 et
1340 1955 1450 2028 lectas,
1475 1954 1623 2017 inhibens
1648 1955 1709 2028 eis,
1733 1975 1775 2016 ne

208 2067 371 2146 suscipere
395 2075 583 2149 presumant
618 2065 762 2146 aliquem
797 2064 962 2127 hominem
987 2064 1018 2125 in
1045 2062 1207 2144 prelatum
1239 2061 1291 2124 vel
1314 2063 1505 2124 canonicum
1538 2062 1579 2124 ad
1603 2062 1771 2124 ecclesiam

208 2171 348 2234 Poznan.
383 2182 497 2235 contra
531 2173 780 2254 dispositionem
804 2182 837 2234 et
860 2172 1101 2235 continentiam
1137 2179 1429 2234 statutorum
1465 2171 1598 2252 regni
1622 2179 1655 2232 et
1678 2169 1771 2232 huius

208 2280 356 2361 capituli,
391 2281 441 2342 cui
465 2279 646 2344 inhibitioni
671 2288 704 2342 et
728 2278 889 2342 mandatis
927 2279 1073 2342 eiusdem
1096 2277 1172 2340 Rmi
1197 2277 1251 2340 dni
1277 2279 1340 2358 Epi
1364 2278 1441 2342 dicti
1464 2277 1519 2340 dni
1543 2298 1579 2340 se
1602 2297 1715 2358 parere
1739 2277 1770 2338 in

210 2387 362 2450 omnibus
398 2387 586 2452 obtulerunt
621 2397 654 2454 et
688 2388 813 2452 litteras
858 2389 945 2470 ipsas
981 2387 1021 2450 ad
1058 2386 1252 2450 servandum
1288 2386 1354 2448 dno
1388 2386 1529 2450 Martino
1569 2384 1770 2448 thezaurario

212 2494 379 2559 dederunt.

318 2651 403 2720 997.
427 2655 535 2738 (Ibid.).
570 2656 693 2719 Ibidem
719 2656 834 2738 prefati
858 2677 970 2719 vener.
995 2657 1049 2718 dni
1073 2656 1189 2738 prelati
1212 2667 1245 2718 et
1267 2655 1413 2718 canonici
1437 2653 1629 2716 unanimiter
1651 2651 1773 2733 obliga·

208 2771 325 2824 verunt
347 2783 456 2826 vener.
482 2763 581 2825 dnum
606 2764 778 2826 Nicolaum
803 2764 843 2827 de
870 2763 1100 2846 Oleschnycza
1124 2765 1315 2826 canonicum
1332 2775 1365 2826 et
1381 2771 1623 2844 procuratorem
1639 2759 1771 2840 capituli

209 2868 346 2930 ecclesie
379 2868 518 2932 Poznan.
554 2881 741 2952 presentem
767 2881 800 2934 et
824 2872 921 2934 alium
954 2873 1025 2935 vice
1049 2873 1097 2935 sui
1124 2893 1182 2950 per
1206 2871 1289 2934 dnos
1320 2870 1446 2933 interim
1471 2869 1502 2931 in
1527 2877 1769 2948 procuratorem

212 2995 325 3038 eorum
350 2977 481 3058 capituli
507 2977 694 3059 eligendum
720 2999 826 3042 vener.
851 2979 917 3042 dno
940 2979 1080 3042 Martino
1104 2978 1302 3041 Dambrowa
1331 2977 1531 3041 thezaurario
1555 2975 1698 3038 eiusdem
1722 2994 1771 3035 ec-

210 3083 308 3145 clesie
341 3083 399 3145 LII
424 3085 490 3146 lior.
515 3083 660 3166 Hungar.
687 3107 745 3166 per
771 3086 852 3149 XVI
884 3095 995 3148 scotos
1033 3087 1108 3148 Rdo
1143 3087 1225 3168 patri
1259 3085 1325 3148 dno
1348 3083 1482 3146 iohanni
1517 3081 1647 3162 Lassky
1670 3081 1711 3144 R.
1738 3081 1769 3141 P.

210 3189 402 3254 cancellario
425 3212 485 3273 pro
510 3191 679 3273 privilegio
703 3193 888 3256 donationis
913 3195 988 3256 iuris
1014 3204 1206 3274 patronatus
1231 3193 1367 3254 ecclesie
1390 3189 1583 3272 parochialis
1599 3189 1630 3249 in
1647 3188 1770 3250 Msczo-

211 3317 310 3358 nowo
334 3296 472 3362 Poznan.
498 3299 580 3362 dioc.
605 3321 665 3381 per
689 3301 800 3364 Smum
827 3302 1005 3382 principem
1031 3345 1060 3364 ..
1086 3299 1312 3362 Alexandrum
1338 3299 1368 3361 d.
1394 3320 1425 3378 g.
1450 3316 1560 3378 regem
1585 3294 1718 3356 Polonie
1742 3344 1769 3358 ..

210 3404 270 3484 ipsi
293 3404 435 3486 capitulo
453 3404 590 3467 Poznan.
613 3405 706 3480 facte,
730 3407 849 3470 ibidem
874 3429 932 3489 per
955 3428 1062 3470 vener.
1086 3407 1184 3470 dnum
1201 3406 1374 3470 Albertum
1392 3403 1527 3485 Gorsky
1543 3403 1767 3465 cancellarium

211 3512 347 3574 ecclesie
371 3512 514 3574 eiusdem
539 3513 675 3575 Poznan.
701 3525 734 3577 et
757 3513 844 3576 dicte
868 3515 945 3578 Mtis
969 3515 1008 3576 R.
1032 3515 1240 3577 secretarium
1268 3513 1401 3575 nomine
1423 3523 1514 3574 etex
1538 3520 1631 3591 parte
1655 3508 1770 3590 prefati

213 3619 267 3680 dni
292 3618 472 3681 cancellarii
508 3619 641 3682 Polonie
672 3623 703 3682 in
736 3621 842 3683 medio
878 3622 1014 3684 duorum
1051 3623 1219 3702 exposit0,
1255 3640 1382 3683 necnon
1419 3619 1479 3682 XII
1510 3639 1635 3681 marcas
1658 3637 1768 3680 vener.

211 3726 277 3788 dno
301 3724 461 3789 Clementi
484 3727 525 3789 de
548 3727 730 3808 Pyotrkow
755 3729 960 3791 decretorum
985 3729 1112 3792 doctori
1137 3731 1295 3790 canonico
1320 3728 1459 3790 Poznan.
1477 3728 1593 3788 nuncio
1610 3745 1669 3806 per
1685 3724 1768 3787 dnos

210 3832 251 3894 ad
275 3831 435 3914 prefatum
459 3833 558 3896 dnum
582 3833 811 3897 cancellarium
834 3837 927 3917 regni
951 3846 984 3899 et
1007 3856 1115 3898 vener.
1132 3835 1232 3896 dnum
1255 3835 1422 3896 Andream
1447 3833 1488 3895 de
1512 3833 1648 3903 Lasslm,
1665 3842 1769 3894 custo·

209 3939 284 4002 dem
308 3938 429 4003 Gnezn.
462 3942 656 4004 canonicum
690 3942 833 4005 Poznan.
859 3953 892 4005 et
918 3943 1003 4007 dicte
1027 3942 1219 4024 parochialis
1243 3943 1274 4003 in
1298 3942 1508 4004 Msczonowo
1533 3950 1692 4002 rectorem
1717 3959 1768 4000 ec-

213 4047 391 4121 clesiarum,
418 4049 556 4129 primum
581 4051 612 4110 in
638 4048 782 4130 Opatow
807 4061 840 4113 et
865 4051 980 4113 deinde
996 4051 1185 4113 Cracoviam
1201 4069 1314 4112 versus
1330 4049 1370 4110 ad
1387 4047 1595 4130 equitandum
1611 4047 1769 4126 deputato

211 4155 251 4216 de
275 4164 308 4216 et
331 4175 429 4236 super
451 4166 619 4218 contractu
645 4157 686 4220 ad
710 4157 902 4219 solvendum
920 4159 1120 4239 pensionem,
1146 4157 1280 4238 singulis
1304 4156 1396 4217 annis
1420 4175 1480 4235 pro
1505 4153 1658 4229 fructibus
1681 4153 1768 4216 dicte

210 4261 347 4325 ecclesie
370 4261 401 4323 iu
419 4261 627 4326 Msczonowo
643 4265 704 4346 ipsi
721 4264 787 4326 dno
805 4264 938 4327 Andree
955 4264 1094 4343 Lassky‚
1123 4265 1360 4345 quamprimum
1377 4281 1448 4324 eam
1472 4259 1613 4342 capitulo
1630 4258 1768 4322 Poznan.

210 4370 436 4450 resignaverit,
461 4369 501 4431 de
525 4372 800 4453 proventibusque
826 4391 938 4434 mense
968 4371 1100 4454 capituli
1136 4370 1361 4433 communibus
1388 4368 1537 4441 dandam,
1570 4366 1767 4448 perficiendo

209 4477 298 4540 etin
322 4477 439 4540 effectu
462 4477 701 4552 concludendo
737 4477 864 4540 divisim
888 4489 921 4541 et
944 4480 1125 4561 respective
1149 4479 1179 4540 in
1205 4489 1337 4540 moneta
1363 4475 1540 4539 Polonicali
1564 4473 1687 4536 dandas
1711 4495 1769 4555 per

210 4585 316 4664 ipsum
340 4585 440 4646 dnum
465 4584 638 4648 Martinum
661 4585 860 4648 Dambrowa
885 4585 1118 4648 thezaurarium
1144 4587 1222 4668 ipsis
1246 4585 1318 4647 duis
1342 4584 1382 4647 de
1407 4582 1550 4664 capitulo
1567 4603 1609 4644 ex
1625 4581 1769 4663 pecuniis

210 4691 394 4773 cappalium
417 4692 635 4756 mutuatis...

319 4847 406 4916 998.
431 4850 512 4933 (VII.
538 4850 578 4932 8).
613 4851 695 4914 Item
719 4852 959 4933 deputaverunt
982 4852 1065 4916 dnos
1089 4851 1347 4933 Sigismundum‚
1380 4849 1605 4932 Czyesyelslry
1629 4857 1662 4910 et
1687 4845 1764 4909 Gro-

208 4957 373 5038 dzyczslry
397 4957 574 5021 canonicos
598 4957 640 5020 ad
663 4959 857 5021 audiendum
892 4960 1051 5022 rationem
1083 4960 1181 5021 dnum
1206 4961 1382 5023 Martinum
1420 4957 1618 5020 Dambrowa
1641 4954 1768 5017 thezau-

208 5065 326 5127 rarium
350 5064 485 5127 ecclesie
509 5075 542 5129 et
566 5085 639 5127 cum
664 5087 705 5128 eo
729 5066 833 5147 ipsam
857 5067 1037 5129 iaciendum
1062 5087 1160 5148 super
1184 5069 1343 5148 expositis
1360 5087 1420 5147 per
1436 5085 1509 5127 eum
1526 5063 1670 5144 pecuniis
1694 5082 1768 5142 cap-

208 5171 329 5252 palium
353 5171 497 5234 Romam
526 5193 624 5254 super
656 5176 867 5237 renovatione
883 5184 916 5237 et
933 5174 1142 5255 expeditione
1167 5173 1421 5236 confirmationis
1446 5173 1486 5233 iu
1501 5171 1620 5233 bilei
1643 5179 1676 5232 et
1699 5169 1769 5232 aliis

207 5277 360 5341 oneribus
384 5289 418 5342 et
442 5280 575 5358 nuntiis;
607 5291 641 5342 et
665 5301 724 5360 pro
747 5280 817 5344 aliis
841 5283 985 5361 pecuniis
1009 5302 1052 5344 ex
1075 5283 1147 5363 ipso
1172 5280 1289 5344 iubileo
1314 5278 1582 5363 provenientibus
1606 5276 1769 5338 contribu-

207 5387 250 5448 tis
274 5395 308 5448 et
330 5383 449 5450 habitis
484 5385 557 5449 loco
592 5388 747 5449 dictarum
783 5389 824 5452 de
847 5389 1036 5470 cappalibus
1067 5391 1288 5470 expositarum
1320 5385 1525 5472 imponendis
1553 5385 1677 5468 ipsique
1702 5382 1768 5446 dno

211 5490 413 5556 thezaurario
437 5491 551 5558 dandis
574 5503 606 5557 et
630 5493 805 5558 solvendis.
