4390 6368
433 583 495 663 196
935 581 1028 632 ACTA
1048 581 1215 634 CAPITULI
1236 581 1492 634 POZNANtENSIS

429 799 507 860 libet
531 799 711 878 septimam
736 818 795 878 per
818 817 913 858 unam
940 796 1025 858 diem
1049 796 1197 858 laborare
1214 795 1280 858 dno
1297 795 1424 878 regenti
1449 796 1537 858 iuxta
1561 797 1828 860 consuetudinem
1853 797 1986 860 aliorum

428 906 607 968 vicinorum
630 905 844 969 kmethonum
869 905 1007 968 dnorum
1032 905 1231 970 secularium.

642 1153 686 1215 A.
717 1167 814 1232 1510,
840 1152 909 1215 Iulii
934 1169 993 1238 23,
1019 1153 1050 1215 in
1074 1152 1216 1234 capitulo
1240 1153 1393 1234 generali.

540 1310 651 1378 1027.
687 1313 772 1393 (Vll.
799 1313 858 1394 85).
882 1312 1046 1376 Statutum
1079 1323 1111 1376 et
1139 1313 1299 1377 ordinatio
1331 1313 1372 1375 de
1395 1311 1601 1375 conferendis
1628 1311 1778 1374 domibus
1801 1311 1988 1374 canonicali·

427 1423 488 1484 bus
513 1432 546 1483 et
569 1419 771 1482 vicarialihus
803 1422 832 1482 in
859 1442 986 1482 summo
1019 1423 1157 1484 Poznan.
1182 1423 1251 1484 sitis
1342 1421 1404 1482 Die
1436 1421 1586 1482 Martis„
1612 1421 1643 1480 in
1673 1418 1745 1481 loco
1780 1419 1988 1500 capitulari.-

429 1529 551 1590 Rmo..
577 1527 642 1590 dno
666 1526 812 1590 Iohanne
836 1527 877 1588 de
903 1527 1071 1588 Lubrancz
1095 1528 1126 1589 d.
1151 1551 1182 1608 g.
1207 1528 1282 1608 Epo
1303 1529 1443 1590 l’oznan.
1472 1525 1648 1608 capitulum
1676 1525 1828 1606 generale
1856 1535 1987 1588 tenente

429 1645 462 1697 et
486 1635 591 1697 eidem
616 1635 802 1716 presidente
823 1655 960 1696 unacum
984 1635 1105 1696 Rmo..
1131 1635 1196 1696 dno
1225 1633 1371 1698 Iohanne
1393 1632 1441 1722 ssde
1466 1633 1595 1696 Lassko
1618 1633 1649 1696 d.
1674 1655 1706 1714 g.
1731 1632 1847 1694 lilecto
1879 1633 1989 1694 confir-

429 1751 518 1804 mato
552 1740 689 1802 ecclesie
724 1741 975 1822 metropolitane
1001 1741 1124 1804 Gnezn.
1150 1763 1187 1804 ac
1220 1744 1389 1823 preposito
1413 1741 1557 1803 eiusdem
1590 1739 1727 1802 ecclesie
1751 1740 1890 1803 Poznan.
1916 1761 1987 1802 cum

429 1849 546 1911 ceteris
571 1846 703 1928 prelatis
727 1857 760 1908 et
784 1849 947 1909 canonicis
971 1847 1057 1910 dicte
1082 1847 1219 1910 ecclesie
1248 1849 1387 1910 Poznan.
1419 1847 1571 1910 videlicet
1596 1846 1740 1909 Iohanne
1771 1846 1812 1908 de
1839 1847 1987 1909 Lulcowo

430 1955 564 2026 decano,
581 1953 728 2016 lohanne
745 1953 786 2016 de
804 1953 893 2016 Gora
910 1955 1139 2018 archidiacono
1157 1957 1304 2028 Poznan.,
1324 1955 1460 2018 Nicolao
1478 1955 1604 2036 Ceppcl
1627 1955 1834 2018 decretorum
1854 1954 1988 2015 doctore

430 2061 620 2126 Srzemensi.
653 2061 798 2122 Iohanne
827 2060 1010 2122 Slavienslri
1037 2063 1213 2124 Pczevensi
1242 2065 1275 2124 iu
1307 2062 1445 2124 ecclesia
1475 2064 1616 2124 Poznan.
1647 2061 1890 2132 archidiaconis
1923 2061 1988 2121 An-

430 2169 508 2230 drca
531 2167 674 2229 Crziczki
698 2167 899 2240 cancellari0,
924 2189 1052 2230 necnon
1084 2170 1225 2231 hlartino
1257 2171 1442 2232 Potentiani
1467 2168 1508 2230 de
1538 2167 1746 2235 Darnbrou'a.
1778 2165 1987 2248 Sigismundo

430 2275 471 2336 de
496 2274 733 2354 Camyenyccz,
765 2273 900 2336 Andrea
930 2275 1143 2348 Cziessielski,
1172 2277 1350 2338 Laurentio
1375 2275 1574 2346 Grodziczki,
1608 2273 1744 2336 Nicolao
1777 2274 1899 2344 Oleski,
1932 2273 1990 2335 Al-

433 2383 527 2443 herto
551 2379 782 2452 l'alroslau‘ski,
815 2381 944 2444 Thoma
976 2381 1234 2454 Goczallrou'slri,
1262 2381 1398 2444 Nicolao
1428 2381 1532 2452 Suski,
1561 2381 1683 2444 Iacobo
1707 2379 1933 2442 Sthaskowslri
1956 2391 1989 2442 et

430 2487 621 2550 Bodzantha
644 2487 871 2548 Comorniczlri
888 2491 1051 2550 canonicis
1069 2489 1244 2570 capitulum
1261 2489 1414 2570 generale
1431 2489 1695 2550 continuantibus
1713 2487 1832 2569 prelati
1848 2488 1950 2549 Rmus
1963 2535 1987 2549 ..

431 2595 513 2658 dnus
537 2593 701 2656 lohannes
724 2593 755 2656 d.
779 2617 810 2674 g.
836 2595 927 2676 Epus
949 2597 1086 2660 Poznan.
1112 2607 1144 2658 et
1177 2599 1307 2660 Rmus..
1339 2596 1421 2658 dnus
1443 2595 1606 2657 Iohannes
1638 2595 1669 2656 d.
1694 2617 1725 2674 g.
1749 2593 1883 2656 Electus
1914 2615 1987 2655 con-

432 2703 577 2764 firmatus
601 2701 724 2763 Gnezn.
750 2703 795 2762 uti
826 2704 1012 2782 prepositus
1044 2703 1181 2764 ecclesie
1209 2705 1349 2766 Poznan.
1375 2724 1413 2764 ac
1444 2704 1543 2764 ceteri
1575 2701 1661 2764 dicte
1686 2700 1823 2764 ecclesie
1848 2700 1987 2762 Poznan.

432 2809 547 2890 prelati
573 2817 605 2869 et
629 2810 776 2869 canonici
799 2809 1020 2889 capitulariter
1043 2813 1233 2890 congregati
1251 2809 1423 2892 prehabito
1447 2821 1479 2870 et
1505 2811 1664 2890 premisso
1689 2817 1828 2870 tractatu
1851 2807 1893 2870 de
1917 2829 1989 2870 con·

433 2915 573 2977 serendis
596 2913 747 2976 domibus
772 2915 978 2995 prelatorum,
1003 2918 1232 2978 canonicorum
1258 2927 1290 2978 ct
1307 2919 1499 2978 vicariorum
1524 2915 1758 2977 canonicalium
1782 2916 1988 2977 circumcirca

432 3021 602 3084 ecclesiam
627 3023 767 3083 Poznan.
793 3021 936 3084 cathedr.
963 3024 1031 3084 sitis
1056 3033 1088 3084 et
1106 3025 1232 3084 situatis
1256 3024 1296 3086 ad
1320 3023 1527 3085 collationem
1551 3024 1711 3105 prepositi
1733 3023 1875 3084 Poznan.
1893 3043 1988 3103 ,quo-

432 3131 515 3190 tiens
539 3130 627 3209 ipsas
650 3149 766 3189 vacare
791 3131 1004 3208 contingeret,
1028 3131 1252 3210 spectantibus
1276 3151 1317 3191 ex
1341 3131 1438 3191 certis
1461 3131 1566 3191 causis
1590 3139 1623 3211 et
1647 3130 1827 3210 presertim,
1860 3139 1895 3190 ut
1917 3131 1988 3209 ipse

432 3235 548 3296 domus
571 3234 787 3296 residentibus
811 3245 844 3296 et
868 3237 899 3296 in
925 3235 1041 3297 eadem
1064 3235 1201 3298 ecclesia
1231 3237 1370 3298 Poznan.
1395 3237 1435 3298 ad
1467 3237 1576 3298 divina
1609 3234 1853 3297 attendentibus
1884 3235 1989 3296 conle-

432 3351 550 3412 rantur,
575 3351 608 3402 et
632 3361 673 3403 ne
697 3351 794 3422 prout
818 3341 976 3404 hactenus
1001 3343 1058 3404 luit
1082 3355 1253 3424 expertum
1279 3355 1416 3424 propter
1439 3345 1620 3405 absentiam
1637 3343 1853 3404 habitantium
1877 3345 1909 3403 in
1932 3343 1990 3403 eis·

432 3449 506 3510 dem
531 3458 662 3510 ruerent
687 3459 720 3510 et
743 3448 988 3510 destruerentur
1019 3459 1051 3512 et
1085 3451 1153 3512 aliis
1187 3451 1430 3512 rationabilibus
1455 3453 1560 3513 causis
1584 3449 1625 3512 de
1649 3469 1808 3531 expresso
1829 3469 1989 3512 consensu

433 3555 550 3638 prefati
574 3557 683 3617 Rmi..
709 3555 764 3618 dni
786 3555 940 3618 Iohannis
965 3558 994 3618 d.
1020 3580 1051 3638 g.
1076 3557 1183 3618 Eleeti
1206 3557 1388 3620 confirmati
1421 3557 1557 3618 ecclesie
1582 3555 1837 3638 llletropolitane
1866 3554 1989 3618 Gnezn.

433 3675 465 3725 et
489 3665 648 3746 prepositi
672 3665 811 3726 Poznan.
841 3664 990 3726 volentes
1014 3667 1046 3726 in
1069 3665 1148 3746 ipsis
1173 3664 1379 3728 conferendis
1411 3665 1561 3726 domibus
1593 3663 1760 3726 meliorem
1785 3661 1893 3726 facere
1917 3683 1990 3724 con·

433 3771 599 3842 ditionem,
623 3770 859 3832 conformando
884 3793 919 3832 se
948 3772 1130 3852 privilegiis,
1155 3772 1381 3833 consuetudini
1410 3781 1443 3833 et
1474 3771 1680 3832 observantie
1715 3770 1852 3832 ecclesie
1875 3781 1990 3832 metro-

434 3877 579 3959 politane
605 3876 737 3950 Gnezn.,
762 3873 859 3940 talem
885 3879 1039 3948 fecerunt,
1064 3879 1295 3940 ordinaverunt
1319 3889 1351 3940 et
1375 3879 1604 3959 disposuerunt
1632 3879 1663 3939 in
1689 3887 1836 3940 eternum
1865 3877 1990 3938 duratu-

432 4004 501 4047 ram
526 3983 773 4054 ordinationem,
798 3995 832 4046 ut
856 4006 983 4046 exnunc
1009 3987 1154 4066 prelatus
1177 3988 1313 4048 Rmus..
1345 3985 1428 4046 dnus
1446 3985 1609 4048 Iohannes
1645 3983 1676 4046 d.
1701 4005 1732 4065 g.
1757 3982 1891 4046 Electus
1914 4003 1988 4046 con-

432 4093 578 4154 firmatus
603 4091 739 4152 ecclesie
764 4091 886 4154 Gnezn.
912 4103 944 4154 et
962 4095 1148 4174 prepositus
1172 4093 1310 4156 Poznan.
1328 4103 1361 4154 et
1378 4113 1584 4154 successores
1608 4093 1656 4152 sui
1671 4091 1830 4172 prepositi
1850 4089 1990 4154 Poznan.

432 4219 492 4280 pro
517 4209 668 4279 tempore
692 4200 872 4260 existentes
903 4199 1020 4260 domos
1046 4200 1244 4278 prelatorum
1279 4209 1312 4261 et
1347 4200 1576 4260 canonicorum
1606 4218 1665 4278 per
1696 4217 1823 4258 cessum
1856 4197 1909 4259 rel
1938 4195 1990 4258 de·

433 4327 561 4367 cessum
585 4314 741 4366 vacantes
765 4315 820 4367 aut
844 4305 936 4366 alicui
961 4306 1000 4366 ad
1025 4305 1270 4366 inhabitandum
1294 4309 1325 4366 in
1348 4305 1484 4366 solidum
1511 4305 1638 4365 nonnisi
1666 4305 1697 4364 in
1730 4303 1873 4384 capitulo
1896 4323 1990 4385 gene·

432 4411 488 4474 rali
512 4412 553 4473 de
585 4411 720 4473 consilio
752 4411 951 4491 prelatorum
981 4423 1013 4473 et
1045 4415 1276 4474 canonicorum
1301 4411 1476 4492 capitulum
1510 4410 1661 4490 generale
1693 4412 1873 4472 tenentium
1904 4410 1989 4484 dent,

432 4519 602 4580 conferant
626 4529 659 4580 et
683 4520 894 4600 consignent3
920 4529 954 4579 et
978 4541 1017 4580 ne
1041 4522 1112 4600 ipse
1136 4520 1253 4580 domus
1278 4528 1413 4600 propter
1437 4518 1618 4579 absentiam
1652 4518 1810 4598 prepositi
1835 4537 1908 4579 curn
1930 4518 1989 4580 dis·

434 4626 555 4708 pendio
579 4627 697 4687 diutius
720 4636 885 4698 vacarent,
909 4625 1089 4696 volucrunt,
1114 4626 1345 4688 ordinaverunt
1370 4635 1402 4686 et
1425 4625 1656 4706 disposuerunt
1680 4623 1797 4706 prelati
1821 4623 1876 4686 dni
1892 4625 1991 4706 EpuS,

432 4735 619 4815 prepositus
644 4743 677 4794 et
701 4733 885 4814 capitulum,
910 4743 944 4794 ut
968 4735 999 4794 in
1024 4735 1172 4795 absentia
1196 4733 1354 4814 prepositi
1378 4753 1396 4792 a
1419 4729 1562 4811 capitulo
1586 4730 1729 4810 generali
1746 4751 1826 4793 mox
1843 4733 1988 4813 sequenti

432 4839 549 4902 domus
573 4842 778 4902 vacationem
808 4839 952 4922 prelatus
976 4850 1031 4901 aut
1063 4841 1249 4910 canonicus,
1282 4840 1335 4920 qui
1359 4837 1502 4920 capitulo
1534 4840 1622 4920 prior
1645 4840 1773 4920 preerit,
1805 4838 1920 4910 taliter,
1951 4847 1986 4900 ut

432 4949 629 5028 premissum
653 4957 718 5020 est,
745 4947 860 5008 domus
884 4957 1040 5008 vacantes
1064 4945 1104 5007 de
1128 4947 1262 5008 consilio
1291 4945 1488 5028 prelatorum
1518 4956 1551 5008 et
1583 4947 1813 5008 canonicorum
1845 4948 1878 5007 in
1908 4947 1989 5027 capi-

433 5053 500 5115 tulo
524 5053 668 5134 generali
691 5053 755 5124 det,
780 5053 935 5127 conserat,
960 5055 1130 5134 consignet
1154 5053 1255 5114 aede
1279 5056 1324 5115 eis
1349 5053 1534 5135 provideat3
1560 5063 1593 5115 et
1626 5054 1700 5134 quia
1722 5053 1833 5114 vicarii
1861 5054 1984 5116 canoni·

432 5159 518 5222 cales
543 5159 584 5221 ad
609 5160 759 5222 obeunda
782 5161 891 5222 divina
914 5160 1021 5222 officia
1044 5170 1110 5222 tam
1135 5160 1250 5224 diurna
1273 5181 1369 5242 quam
1394 5169 1552 5222 nocturna
1572 5161 1604 5221 in
1628 5157 1766 5221 ecclesia
1789 5168 1941 5222 tenentur
1955 5170 1989 5220 et

432 5277 510 5330 sunt
535 5266 683 5348 obligati,
720 5269 836 5347 prelati
859 5267 964 5330 Rmus
989 5315 1016 5330 ..
1042 5267 1124 5329 dnus
1160 5266 1322 5330 lohannes
1346 5268 1374 5329 d.
1396 5289 1427 5348 g.
1453 5267 1544 5347 Epus
1575 5267 1716 5328 Poznan.
1741 5287 1805 5328 una
1829 5277 1863 5328 et
1887 5267 1987 5328 Rmus

435 5423 463 5436 ..
488 5373 651 5437 lohannes
676 5375 705 5437 d.
732 5397 761 5456 g.
785 5375 919 5438 Electus
953 5374 1162 5438 confirmatus
1194 5375 1329 5436 ecclesie
1361 5373 1483 5437 Gnezn.
1510 5385 1542 5438 et
1566 5373 1752 5455 prepositus
1775 5373 1926 5446 Poznan.,
1955 5381 1990 5432 ut

431 5493 465 5544 et
488 5493 642 5562 tanquam
667 5483 852 5562 prepositus
876 5502 948 5543 cum
973 5491 1046 5544 toto
1069 5481 1212 5560 capitulo
1229 5482 1475 5556 ordinaverunt,
1499 5491 1682 5545 statuerunt
1699 5481 1780 5544 etin
1797 5491 1987 5560 perpetuum

433 5589 680 5664 disposuerunt,
706 5601 739 5653 ut
764 5590 879 5652 domus
905 5589 1070 5652 vicariales
1095 5591 1176 5650 intra
1202 5609 1327 5664 muros,
1352 5591 1479 5652 noviter
1502 5599 1637 5660 erectos
1662 5588 1888 5662 consistentes
1912 5606 1989 5670 quas
