4458 6356
952 609 1042 659 anm
1061 607 1140 662 1436.
1779 625 1818 688 41

445 700 1170 708 --.-..-..-.-—---—-.-—-——-q——-—-.——-
1212 705 1228 710 ..
1245 704 1373 710 .-.—.—.-

373 821 603 884 Nicolaus
637 823 689 883 de
724 821 996 884 Drzewicza
1027 819 1147 882 habeat
1178 838 1296 898 corpus
1319 817 1484 899 prebende
1508 839 1580 892 sue,
1604 819 1754 883 videlicet
1777 819 1823 882 VI

265 947 406 1002 marcas,
430 939 463 992 et
487 928 649 992 residuum
673 929 780 991 solvat
803 927 990 1009 capitulum.
1105 969 1109 977 .

367 1035 611 1114 Johannes
647 1035 861 1115 Laskary
892 1033 1012 1096 habeat
1044 1053 1162 1113 corpus
1193 1033 1358 1114 prebende
1389 1053 1446 1096 sue
1475 1044 1508 1097 et
1539 1034 1646 1097 solvat
1677 1034 1821 1116 capitulo

263 1139 373 1204 XVIII
397 1161 530 1206 marcas.
544 1141 772 1206 -Moderata
796 1141 837 1203 ad
862 1140 940 1203 XVI
967 1159 1091 1201 marcas
1117 1141 1148 1201 in
1172 1139 1313 1220 capitulo
1339 1140 1481 1221 generali
1505 1160 1530 1202 s.
1549 1139 1677 1202 Martini
1700 1161 1751 1203 an.
1767 1140 1824 1202 dni

264 1247 508 1312 MCCCCXLI:
533 1249 684 1312 Andreas
708 1249 862 1311 notarius.
875 1247 899 1330 1)

371 1353 432 1418 Th
445 1375 465 1418 o
478 1375 511 1418 m
523 1377 570 1419 as
595 1357 646 1419 de
675 1354 734 1418 Co
748 1376 763 1418 s
776 1375 794 1417 c
807 1376 823 1418 z
837 1374 856 1416 o
871 1353 880 1416 l
904 1353 1024 1417 habeat
1041 1373 1160 1435 corpus
1177 1373 1234 1416 sue
1251 1353 1429 1435 prebende,
1446 1353 1596 1417 videlicet
1611 1354 1673 1417 XII
1689 1374 1823 1430 marcas,

265 1471 298 1526 et
321 1462 482 1526 residuum
507 1463 613 1528 solvat
635 1463 821 1544 capitulum.

368 1569 611 1650 Johannes
645 1571 697 1633 de
732 1567 1029 1651 Nyewyesch
1068 1567 1188 1631 habeat
1211 1587 1331 1648 corpus
1362 1567 1529 1648 prebende
1559 1588 1616 1631 sue
1646 1577 1680 1632 et
1716 1568 1823 1631 solvat

264 1677 407 1758 capitulo
430 1677 530 1742 XXV
554 1697 689 1741 marcas

371 1782 593 1848 Andreas
627 1785 843 1864 Bnynski
874 1781 994 1846 habeat
1024 1802 1145 1862 corpus
1185 1781 1353 1862 prebende
1385 1803 1441 1844 sue
1475 1792 1508 1844 et
1544 1782 1651 1846 soIvat
1679 1783 1822 1864 capitulo

264 1889 295 1951 X
318 1909 452 1954 marcas¹

372 1996 541 2060 Petrus
575 1997 832 2079 Pnyewski
862 1996 981 2058 habeat
1013 2017 1132 2076 corpus
1156 1995 1321 2078 prebende
1345 2017 1410 2074 sue,
1443 2008 1607 2060 reservata
1641 1999 1708 2060 eius
1732 2007 1820 2060 taxa·

265 2107 356 2167 cione
381 2127 438 2186 per
469 2105 675 2187 deputandos
707 2127 765 2186 per
797 2106 984 2186 capitulum.
1009 2142 1051 2151 —
1075 2105 1203 2166 Taxata
1234 2104 1276 2166 ad
1299 2103 1364 2166 XV
1397 2124 1521 2166 marcas
1544 2104 1662 2167 eodem
1685 2105 1821 2168 durante

264 2212 407 2291 capitulo
431 2212 482 2275 die
505 2213 537 2274 X
556 2213 639 2292 Juiii.

370 2319 465 2401 Rey
489 2318 609 2383 habeat
633 2340 752 2400 corpus
777 2319 943 2400 prebende
967 2339 1024 2381 sue
1049 2327 1081 2382 et
1105 2318 1213 2381 solvat
1237 2318 1379 2398 capitulo
1403 2317 1480 2380 VIII
1504 2339 1638 2382 marcas.

369 2425 469 2489 Sum
484 2447 515 2489 m
529 2448 561 2502 a,
585 2449 647 2508 que
671 2427 754 2490 solvi
777 2427 877 2490 debet
899 2425 1062 2507 capitulo:
1088 2423 1305 2488 CCLXXXX
1329 2443 1436 2486 marce
1460 2435 1569 2506 preter
1591 2425 1684 2488 villas
1708 2446 1820 2508 prepo-

263 2533 360 2594 siture
385 2543 418 2596 et
442 2533 601 2615 decimas;
625 2533 812 2597 addicione:
837 2544 967 2597 centum
991 2533 1056 2594 XX
1081 2551 1214 2594 marcas.

369 2638 522 2722 Sequitur
546 2641 776 2703 iuramenti
800 2639 928 2702 forma
951 2660 1009 2722 per
1032 2639 1232 2720 prescriptos
1249 2637 1332 2700 dnos
1355 2638 1500 2719 prelatos
1524 2649 1556 2702 et
1581 2641 1756 2702 canonicos
1780 2640 1821 2702 de

263 2746 496 2809 observacione
520 2749 706 2828 equacionis
730 2747 835 2811 iacta:

369 2853 443 2936 Ego
467 2855 507 2916 N.
534 2856 603 2916 iuro
627 2855 669 2916 ad
691 2853 726 2917 S.
751 2855 811 2916 Dei
835 2852 1024 2934 Evangelia
1048 2851 1121 2914 huic
1147 2852 1355 2932 disposicioni
1386 2854 1542 2915 statuti
1573 2854 1819 2934 adequacio-

264 2961 327 3023 nis
358 2980 395 3022 ac
421 2962 521 3023 eciam
547 2961 746 3024 ordinacioni
770 2972 803 3023 et
827 2960 1047 3024 distribucioni
1071 2959 1234 3030 hodIerne,
1259 2979 1318 3038 per
1346 2979 1454 3020 vener.
1480 2959 1654 3040 capitulum
1678 2961 1723 3022 sic
1747 2981 1820 3022 con·

264 3077 433 3148 gregatum
457 3067 541 3130 facte
572 3069 731 3130 bonorum
764 3089 801 3128 ac
834 3079 1050 3149 proventuum
1078 3067 1215 3127 dnorum
1247 3066 1483 3146 adequatorum
1515 3067 1762 3129 canonicatuum
1787 3079 1819 3130 et

262 3173 497 3253 prebendarum
522 3195 560 3236 ac
586 3176 778 3257 dignitatum
803 3175 928 3256 nolois)
945 3173 1172 3237 contravenire
1196 3183 1285 3236 recte
1301 3173 1352 3236 vel
1372 3173 1542 3244 indirecte,
1569 3174 1626 3236 sed
1648 3194 1686 3236 ea
1710 3176 1819 3238 omnia

261 3283 350 3344 iuxta
374 3301 479 3343 meam
504 3282 752 3362 possibilitatem
777 3292 986 3344 manutenere
1002 3291 1035 3344 et
1051 3281 1223 3345 defendere
1239 3303 1276 3344 ac
1293 3285 1393 3346 eciam
1410 3285 1497 3365 apud
1520 3285 1638 3348 Sedem
1662 3286 1818 3368 Apostol.

262 3407 321 3466 pro
346 3387 595 3450 confirmacione
618 3390 753 3452 Instare:
778 3389 823 3450 sic
848 3409 899 3450 me
924 3389 1011 3452 Deus
1035 3389 1165 3451 adiuvat
1189 3401 1222 3452 et
1246 3388 1278 3453 S.
1305 3391 1366 3453 Dei
1390 3392 1587 3473 Ewangelia.

368 3494 448 3557 Item
472 3495 643 3558 videbatur
666 3495 754 3568 dnis,
786 3497 873 3576 quod
897 3496 967 3568 dni,
1000 3496 1053 3576 qui
1085 3497 1177 3558 villas
1201 3497 1337 3559 dnorum
1369 3498 1604 3579 adequatorum
1628 3499 1818 3570 habuerunt.

262 3599 404 3664 habeant
428 3601 587 3666 frumenta
620 3603 776 3666 seminata
807 3623 865 3684 per
896 3623 969 3674 eos,
995 3608 1154 3666 duntaxat
1185 3624 1244 3684 pro
1275 3605 1471 3668 seminandis
1501 3609 1587 3687 angs
1617 3607 1820 3670 allodialibus

260 3709 500 3772 successoribus
519 3730 630 3772 eorum
650 3710 814 3772 dimittere
833 3709 994 3772 frumenta
1008 3720 1167 3782 tenentur,
1186 3709 1275 3794 [que]
1289 3713 1389 3774 eciam
1408 3733 1595 3793 procorum
1613 3723 1819 3776 reservantur

260 3817 510 3880 successoribus.
535 3817 616 3880 Item
641 3817 760 3879 ibidem
787 3817 907 3897 placuit
932 3817 1019 3891 dnis,
1044 3819 1132 3899 quod
1157 3839 1263 3882 vener.
1288 3839 1367 3900 mgr.
1385 3817 1607 3898 Wysschotha
1632 3823 1817 3902 prepositus

262 3923 389 3984 radone
414 3925 559 4004 corporis
582 3926 631 3986 sui
654 3924 776 3986 habeat
799 3924 908 3987 villam
933 3925 1051 4006 Wyela
1075 3946 1147 3987 cum
1173 3926 1306 3988 decImis
1330 3926 1543 4007 prepositure.

372 4025 456 4094 191.
482 4030 592 4111 (172⁰).
619 4030 679 4092 Die
704 4031 861 4095 eodem..
888 4034 1056 4094 memorati
1080 4031 1133 4094 dni
1157 4033 1270 4113 prelati
1294 4043 1327 4094 et
1351 4033 1495 4094 eanonIci
1510 4082 1537 4095 ..
1562 4033 1738 4113 capitulum
1763 4055 1817 4115 ge-

261 4135 367 4197 neraie
391 4138 619 4199 continuantes
643 4139 850 4210 invenerunt,
886 4139 973 4218 quod
998 4138 1258 4200 scolastIcus
1289 4159 1349 4219 pro
1374 4149 1523 4219 tempore
1547 4141 1691 4203 existens
1716 4141 1816 4204 scola.

259 4243 368 4303 striam
401 4243 583 4324 possideat,
620 4245 660 4305 de
689 4266 751 4325 qua
784 4265 844 4325 pro
869 4245 1011 4326 capitulo
1043 4245 1209 4325 persolvat
1239 4245 1299 4306 XII
1331 4265 1463 4310 marcas.
1511 4247 1591 4309 Item
1616 4250 1814 4314 invenerunt.

259 4349 345 4428 quod
376 4348 700 4413 archidiaconus
732 4351 993 4414 Pezewensis
1028 4353 1168 4432 gaudeat
1199 4353 1230 4413 in
1261 4362 1333 4415 toto
1366 4373 1503 4436 corpore
1536 4354 1816 4418 archidiaconatus

258 4456 319 4526 sui,
354 4457 517 4519 residuum
545 4478 624 4520 vero
648 4457 752 4520 eidem
778 4459 954 4538 capitulum
978 4459 1105 4521 solvere
1129 4470 1287 4521 teneatur.
1336 4460 1417 4522 Item
1446 4461 1574 4523 videtur
1604 4462 1692 4542 duis,
1728 4463 1816 4543 quod

259 4581 373 4625 omnes
396 4563 512 4643 prelati
535 4575 568 4628 et
592 4566 755 4639 canonici,
791 4566 934 4646 quinon
959 4566 1159 4628 interfuerint
1183 4567 1327 4647 predicte
1351 4569 1566 4641 ordinacionI‚
1602 4570 1689 4649 quod
1714 4569 1815 4630 eciam

258 4679 334 4749 post
357 4673 621 4751 supervenientes
645 4693 710 4733 non
734 4673 946 4736 admittantur
968 4674 1010 4735 ad
1035 4673 1224 4754 capitulum,
1264 4675 1322 4735 nisi
1354 4676 1441 4754 prius
1465 4676 1569 4737 iurent
1594 4675 1730 4738 eandem
1755 4695 1815 4736 ser·

259 4796 347 4850 vare,
371 4778 644 4858 quemadmodum
667 4779 720 4841 alii
743 4781 945 4856 iuraverunt,
971 4801 1030 4842 nec
1053 4782 1094 4842 ad
1118 4781 1316 4843 resecciones
1339 4783 1562 4843 admittantur.

470 5024 514 5089 A.
544 5027 640 5106 1436,
661 5026 733 5106 Julii
756 5041 787 5106 7,
811 5027 843 5088 in
867 5027 1019 5108 capitulo.

369 5179 451 5249 192.
476 5184 512 5267 (Ι.
542 5187 619 5266 173).
646 5185 695 5246 De
720 5185 820 5266 dupio
844 5186 897 5248 dni
923 5187 1079 5267 prepositi
1096 5223 1138 5231 —-
1155 5186 1237 5248 Item
1261 5185 1301 5248 de
1325 5185 1424 5268 duplo
1449 5185 1502 5248 dni
1528 5187 1682 5266 prepositi
1709 5185 1814 5267 [Wys

258 5289 407 5376 schothe]
432 5292 660 5367 decreverunt,
697 5294 785 5374 quod
814 5293 873 5355 sibi
898 5294 1133 5374 respondeatur
1164 5293 1224 5356 hiis
1248 5295 1373 5356 verbis:
1413 5293 1504 5354 »Due
1536 5294 1718 5373 preposite,
1755 5313 1814 5354 nos

365 5633 382 5702 ¹)
402 5635 517 5701 Dopisek
536 5637 677 5702 pdtniejszy
696 5635 890 5702 uskuteczniony
912 5653 971 5689 vr.
996 5651 1058 5702 ¹44¹

361 5730 456 5770 nonum.
473 5729 537 5770 medii
551 5731 598 5771 aevi
613 5731 661 5770 hist.
678 5731 739 5771 XIII.
