4416 6366
826 615 1006 666 ANNORUM
1027 613 1209 669 1484-1485.
1749 635 1759 680 1
1768 635 1808 697 39

362 825 448 893 736.
485 827 589 910 (Ibid.)
625 828 749 891 Ibidem
782 828 836 892 dni
868 850 975 891 vener.
1006 830 1106 891 dnum
1139 829 1309 892 Nicolaum
1341 830 1382 892 de
1406 828 1525 892 Scudla
1547 828 1808 892 archidiaconum

254 935 478 999 Srzemensem
503 935 543 997 ad
568 936 704 998 eandem
739 937 956 998 sinodum
980 938 1011 998 in
1035 937 1325 1018 Pyotrkowo
1354 959 1395 998 ex
1420 947 1512 1016 parte
1536 937 1667 1017 capituli
1690 939 1808 998 iturum

252 1043 504 1125 deputaverunt,
529 1045 579 1104 cui
605 1063 664 1124 pro
689 1046 842 1124 expensis
867 1043 932 1105 dno
957 1043 1189 1108 Bartholomeo
1214 1044 1400 1126 Kyelbassa
1417 1045 1619 1123 procuratori
1636 1044 1667 1106 X
1683 1065 1808 1106 marcas

253 1152 329 1213 dare
354 1150 596 1213 mandaverunt.

362 1290 446 1358 737.
479 1294 580 1374 (Ibid)
615 1293 739 1356 Ibidem
762 1294 816 1356 dni
841 1296 1033 1357 unanimiter
1056 1305 1122 1356 tam
1147 1294 1246 1356 dnum
1270 1294 1448 1357 Iohannem
1472 1293 1663 1372 Lukowsky
1687 1292 1808 1354 cancel·

252 1401 375 1478 larium,
401 1404 453 1483 qui
479 1411 637 1481 exparte
661 1401 715 1462 dni
740 1403 842 1464 nostri
866 1401 956 1476 RmI,
988 1413 1055 1464 tam
1086 1403 1187 1464 eciam
1220 1401 1318 1462 dnum
1343 1401 1513 1462 Nicolaum
1538 1399 1807 1474 archidiaconum,

252 1511 304 1588 qui
328 1530 371 1571 ex
395 1518 487 1590 parte
513 1508 644 1589 capituli
660 1507 701 1569 ad
718 1508 854 1570 eandem
878 1511 914 1570 si
929 1530 948 1570 n
963 1531 982 1571 o
997 1510 1016 1570 d
1031 1532 1050 1570 u
1063 1530 1094 1570 m
1119 1509 1256 1582 vadunt,
1280 1511 1365 1570 clrca
1386 1508 1584 1570 refectiones
1601 1517 1634 1568 et
1651 1508 1807 1586 exequias

252 1615 453 1704 recipiendas
477 1625 699 1678 remanserunt
723 1627 757 1678 et
781 1615 914 1679 eosdem
940 1617 1113 1696 participes
1137 1617 1178 1677 de
1202 1615 1324 1678 eisdem
1347 1615 1467 1676 habere
1492 1615 1712 1677 decreverunt.

362 1755 446 1822 738,
483 1759 551 1839 (IV.
575 1759 640 1840 91).
677 1758 800 1820 Ibidem
832 1759 918 1820 Rmo
950 1757 1015 1820 dno
1047 1757 1147 1820 Urieli
1176 1758 1229 1818 dni
1253 1759 1361 1838 gracia
1384 1757 1457 1838 Epo
1482 1755 1619 1818 Poznan.
1644 1766 1677 1818 et
1700 1775 1807 1816 vener.

252 1868 323 1928 dnis
348 1866 480 1946 prelatis
504 1877 536 1928 et
562 1867 726 1928 eanoniciS
751 1867 782 1927 in
807 1866 948 1946 capitulo
972 1865 1114 1946 generali
1138 1865 1353 1926 existentibus
1377 1863 1445 1926 Smi
1469 1864 1621 1944 principis
1644 1861 1697 1924 dni
1715 1862 1809 1923 Kazi·

252 1976 321 2036 miri
345 1973 406 2035 Dei
430 1973 538 2054 gracia
562 1974 663 2053 Regis
687 1973 819 2035 Polonie
843 1971 966 2056 [allata]
991 1983 1040 2034 est
1064 1972 1169 2033 littera
1194 1971 1253 2032 sub
1278 1971 1371 2033 titulo
1402 1983 1434 2032 et
1458 1971 1563 2052 sigillo
1591 1969 1751 2033 lntitulata
1775 1979 1807 2030 et

252 2083 419 2154 roborata,
456 2103 519 2162 qua
543 2080 647 2143 littera
672 2101 743 2142 cum
768 2101 821 2154 ea,
853 2101 917 2160 qua
941 2079 1048 2152 decet,
1074 2079 1258 2141 reverencia
1281 2089 1413 2158 recepta
1444 2089 1477 2140 et
1502 2077 1657 2158 perlecta,
1688 2079 1719 2138 in
1744 2097 1807 2156 qua

251 2189 373 2251 inhibet
397 2209 454 2250 sua
478 2187 657 2260 Serenitas,
694 2198 728 2250 ut
764 2187 885 2249 nullum
922 2187 1073 2267 plebeum
1104 2186 1145 2248 ad
1178 2185 1347 2248 ecclesiam
1383 2189 1517 2247 l’oznan.
1553 2185 1584 2246 in
1615 2184 1806 2246 canonicum

251 2307 284 2358 et
308 2317 413 2377 neque
438 2296 469 2356 in
494 2296 652 2374 prelatum
677 2296 857 2375 reciperent
882 2305 914 2356 et
938 2295 1079 2358 maxime
1103 2295 1263 2374 quendam
1295 2293 1465 2354 Nicolaum
1495 2291 1613 2372 Czepel
1637 2292 1667 2352 iri
1693 2291 1806 2352 eadem

252 2403 356 2466 littera
380 2423 535 2484 expresse
568 2404 786 2479 nominatum;
818 2402 934 2483 quibus
959 2400 1072 2464 litteris
1096 2401 1199 2463 Rmus
1224 2399 1305 2462 dnus
1330 2400 1420 2480 Epus
1444 2411 1476 2462 et
1501 2409 1605 2462 totum
1630 2397 1806 2479 capitulum

252 2511 373 2592 paruit,
406 2521 439 2573 et
470 2511 607 2572 eandem
640 2511 779 2572 litteram
804 2509 844 2570 acl
870 2508 1055 2571 thezaurum
1082 2507 1217 2572 ecclesie
1241 2507 1306 2569 dno
1331 2507 1537 2588 Rogalinslry
1569 2505 1806 2569 subtezaurario

251 2618 445 2680 servandum
470 2617 627 2680 dederunt
651 2628 684 2680 et
707 2637 866 2698 reponere
891 2615 1135 2678 mandaverunt.

464 2830 505 2892 A.
537 2831 634 2910 1485,
659 2829 796 2892 Ianuarii
829 2843 881 2909 15,
906 2831 938 2890 in
962 2828 1105 2909 capitulo
1129 2826 1280 2908 generali

360 2968 444 3036 739.
481 2971 549 3050 (IV.
573 2973 652 3050 91⁰).
689 2971 812 3032 Ibidem
836 2971 940 3033 Rmus
965 2971 1047 3032 dnus
1071 2969 1162 3049 Epus
1186 2979 1219 3030 et
1243 2965 1296 3028 dni
1321 2966 1434 3047 prelati
1458 2977 1491 3028 et
1515 2966 1661 3028 canonici
1687 2965 1805 3045 capitu·

249 3073 357 3141 lariter
380 3080 568 3159 congregati
593 3078 783 3140 unanimiter
806 3079 1033 3149 decreverunt,
1058 3075 1146 3156 quod
1171 3075 1305 3154 quilibet
1329 3073 1485 3136 scultetus
1502 3072 1543 3134 de
1562 3073 1676 3134 minori
1692 3072 1806 3134 Krzes-

250 3207 336 3267 syny
369 3195 401 3248 et
432 3187 483 3247 alii
507 3185 636 3248 sculteti
659 3185 690 3246 in
716 3186 856 3248 futurum
881 3185 1059 3246 existentes
1080 3183 1231 3244 decetero
1263 3181 1392 3244 solvent
1424 3190 1457 3242 et
1489 3179 1613 3242 dabunt
1645 3179 1804 3241 decimam

252 3294 483 3374 manipularem
513 3293 678 3372 utriusque
705 3293 796 3373 grani
832 3303 864 3354 et
895 3291 1026 3354 seminis
1062 3301 1094 3352 et
1129 3290 1287 3350 decImam
1323 3287 1377 3349 lini
1413 3288 1503 3349 iuxta
1538 3287 1805 3348 consuetudinem

250 3403 381 3464 aliarum
405 3401 551 3462 villarum
575 3421 617 3462 ex
640 3401 773 3480 antiqua
797 3409 829 3461 et
853 3399 1036 3479 approbata
1067 3396 1301 3458 consuetudIne
1333 3395 1406 3457 loco
1439 3393 1667 3456 maldratarum
1698 3414 1804 3455 vener.

250 3509 316 3570 dno
341 3508 476 3572 Hectori
500 3507 540 3568 de
565 3507 779 3588 Cozyemyno
803 3508 960 3568 canonico
986 3506 1122 3567 Poznan.
1147 3504 1305 3566 moderno
1329 3503 1414 3564 dicte
1431 3500 1597 3582 prebende
1613 3501 1805 3581 Krzessyny

250 3618 406 3678 canonico
431 3627 464 3678 et
487 3615 556 3676 aliis
580 3615 743 3676 canonicis
767 3615 798 3675 ln
823 3615 962 3676 futurum
987 3613 1200 3676 existentibus
1233 3611 1273 3672 de
1306 3610 1456 3672 omnibus
1492 3619 1525 3671 et
1557 3608 1690 3688 siugulis
1718 3609 1804 3688 agris

250 3745 307 3787 sue
332 3724 484 3787 scultecie
508 3723 627 3785 ibidem
652 3723 682 3783 in
707 3723 822 3784 minori
846 3721 1038 3801 Crzessyny,
1063 3720 1103 3782 ad
1129 3719 1217 3801 quod
1243 3739 1278 3781 se
1298 3717 1452 3779 Nicolaus
1469 3715 1625 3778 scultetus
1642 3717 1674 3776 in
1690 3715 1804 3777 Krzes·

251 3853 337 3912 syny
360 3853 395 3893 se
419 3841 452 3893 et
477 3851 553 3893 suos
577 3851 782 3892 successores
806 3831 891 3892 dicte
916 3829 1067 3890 scultecie
1092 3827 1255 3908 legitimos
1279 3824 1355 3887 dare
1378 3835 1411 3886 et
1435 3824 1561 3886 solvere
1585 3823 1644 3884 sub
1661 3824 1804 3884 censuris

251 3939 411 4012 submisit,
436 3949 468 4001 et
492 3938 698 4018 presentibus
722 3938 886 4018 obligavit.

361 4075 447 4144 740.
473 4080 506 4156 (s.
531 4079 609 4159 91⁰).
636 4079 759 4142 Ibidem
784 4099 890 4140 vener.
912 4079 977 4139 dno
995 4076 1162 4139 Abraham
1181 4077 1220 4137 de
1237 4075 1385 4154 Sbaszyn
1402 4073 1527 4134 custodi
1544 4072 1682 4133 Poznan.
1700 4081 1803 4133 totam

251 4189 441 4268 pensionem
467 4208 523 4250 sue
548 4187 694 4248 custodie
712 4196 848 4265 propter
872 4186 1026 4247 desert
1040 4185 1238 4245 ationem
1263 4181 1472 4243 bellicam
1497 4191 1530 4242 et
1550 4179 1630 4241 alios
1647 4177 1803 4250 delectus,

250 4315 331 4374 quos
356 4314 472 4374 passus
496 4304 545 4355 est
570 4295 601 4354 iu
625 4293 738 4354 eadem
764 4291 911 4353 custodia
936 4292 966 4352 in
991 4292 1206 4370 expedicione
1233 4299 1346 4352 contra
1371 4288 1544 4369 Coszmyn,
1569 4287 1728 4348 duntaxat
1744 4306 1803 4365 pro

250 4422 335 4463 anno
360 4402 502 4482 presenti
527 4401 566 4462 de
591 4401 699 4480 gracia
724 4398 920 4460 dImiserunt.

463 4613 506 4672 A.
537 4613 635 4690 1485,
660 4611 795 4672 Ianuarii
825 4624 871 4688 17,
896 4611 925 4670 In
952 4609 1094 4689 capitulo
1118 4607 1269 4690 generali.

359 4751 443 4818 741.
468 4753 535 4830 (IV.
560 4753 624 4833 92).
649 4753 772 4813 Ibidem
800 4752 852 4812 dni
878 4751 1088 4812 decreverunt
1113 4751 1189 4811 dare
1213 4769 1307 4829 mgro
1331 4747 1451 4808 Iacobo
1468 4747 1508 4808 de
1526 4747 1629 4826 l‘urge
1646 4746 1803 4807 medicine

249 4863 374 4923 doctori
398 4861 594 4923 relecciones
618 4861 837 4940 ilrrottidianas
862 4870 894 4919 et
919 4859 1129 4937 exerpriarunr
1155 4857 1308 4936 pecunias
1332 4875 1369 4914 ac
1395 4873 1514 4934 panum
1546 4853 1650 4914 bullas
1675 4853 1802 4913 racione

248 4971 471 5040 serviciorum,
496 4989 558 5048 que
584 4967 745 5045 pollicitus
770 4975 819 5028 est
844 4965 947 5026 lacere
972 4964 1103 5044 prelatis
1127 4973 1159 5024 et
1183 4962 1346 5024 canonicis
1368 4971 1402 5022 et
1418 4961 1487 5022 allis
1504 4961 1639 5022 ecclesie
1655 4959 1802 5039 personis

247 5077 289 5136 ad
314 5076 514 5136 voluntatem
539 5075 753 5136 dominorum.

463 5269 504 5329 A.
535 5269 632 5346 1485,
657 5267 792 5328 Ianuarii
817 5267 874 5338 28,
900 5266 930 5326 ln
955 5264 1107 5343 capitulo,

359 5406 446 5474 742.
479 5410 546 5488 (IV.
571 5411 637 5487 93).
662 5407 786 5470 Ibidem
811 5408 863 5468 dni
889 5409 1126 5487 deputaverunt
1152 5405 1234 5465 dnos
1260 5403 1437 5465 Hectorem
1463 5413 1495 5465 et
1518 5401 1736 5482 Rambynslry
1761 5401 1801 5461 ad

247 5528 389 5580 castrum
415 5517 514 5578 ituros
538 5517 579 5577 ad
604 5517 702 5576 dnum
727 5516 931 5595 capitaneum
957 5516 987 5574 in
1013 5513 1096 5574 [acto
1122 5535 1139 5572 c
1153 5534 1169 5573 e
1183 5532 1197 5572 r
1209 5533 1229 5572 v
1243 5512 1301 5573 isi
1315 5532 1332 5572 e
1364 5511 1389 5569 Β
1403 5511 1411 5571 i
1425 5511 1444 5570 d
1459 5531 1480 5590 g
1493 5529 1513 5569 o
1526 5529 1541 5570 s
1555 5519 1567 5572 t
1582 5509 1590 5568 i
1606 5529 1624 5569 c
1638 5529 1656 5570 n
1671 5529 1686 5570 s
1700 5509 1707 5568 i
1721 5529 1736 5568 s
1761 5508 1801 5569 de

247 5625 347 5686 domo
372 5623 570 5685 llarthoszclr
593 5623 752 5684 violenter
772 5643 831 5702 per
854 5632 982 5683 castr
996 5643 1013 5681 e
1029 5640 1048 5680 n
1063 5641 1078 5680 s
1092 5641 1137 5681 es
1163 5629 1301 5699 recepte.
