4416 6366
909 613 997 664 ANNI
1018 611 1093 667 1456.
1743 614 1786 694 89

233 706 317 714 ..μ-ὴ.
324 709 351 715 ..-
374 709 397 714 -.
404 707 760 714 u———ffl
999 707 1481 714 -—..-——--—-—--—-—-——-·-—-
1493 707 1508 712 -
1515 705 1785 714 ...u-...mm

446 829 490 892 A.
521 831 618 909 1456,
642 828 838 891 Novembris
868 829 921 902 16,
946 829 978 889 in
1002 827 1144 908 capitulo
1171 829 1321 909 generali.

339 968 428 1037 447.
453 971 502 1052 (II.
532 973 608 1052 183).
632 970 755 1032 Ibidem
780 969 923 1050 prefatus
947 969 1051 1032 Rmus
1077 981 1169 1050 pater
1193 970 1275 1032 dnus
1300 969 1451 1034 Andreas
1474 971 1564 1051 Epus
1589 981 1621 1034 et
1646 973 1699 1033 dni
1716 993 1787 1053 pre·

233 1080 288 1142 lati
311 1090 344 1140 et
368 1079 516 1140 canonici
541 1079 752 1159 suprascripti
775 1087 900 1140 statuto
923 1077 1001 1140 alias
1026 1078 1066 1138 de
1090 1079 1256 1159 prioritate
1273 1077 1440 1140 obtinendi
1457 1079 1659 1158 provisiones
1677 1100 1788 1142 mense

232 1186 363 1266 capituli
386 1196 540 1248 vacantes
565 1186 661 1256 editu,
686 1184 773 1266 quod
797 1184 967 1246 videbatur
990 1185 1031 1246 ad
1056 1185 1224 1246 ecclesiam
1249 1184 1368 1247 dudum
1385 1187 1545 1266 promotis
1561 1196 1594 1248 et
1610 1187 1786 1268 capitulum

232 1294 427 1356 intrantibus
451 1293 660 1374 preludicium
685 1303 718 1354 et
742 1292 885 1354 iniuriam
918 1312 1073 1373 generare
1101 1292 1131 1352 in
1162 1311 1212 1376 eu,
1245 1292 1334 1373 quod
1366 1292 1588 1374 indignitate
1618 1295 1787 1356 constituti

234 1399 308 1462 licet
333 1402 460 1462 noviter
487 1401 608 1480 recepti
641 1400 719 1479 ipsis
750 1398 994 1480 preferebantur
1024 1419 1089 1480 quo
1121 1398 1162 1460 ad
1185 1399 1277 1460 viIIas
1301 1400 1560 1479 prestimoniales
1584 1401 1786 1473 othnendas,

233 1517 390 1588 quantum
414 1507 455 1568 ad
479 1506 541 1568 hoc
566 1517 695 1568 cassato
720 1507 808 1568 etin
833 1507 949 1569 ceteriS
972 1505 1135 1586 particulis
1160 1506 1192 1566 In
1216 1525 1275 1567 suo
1299 1505 1417 1568 robore
1449 1517 1652 1580 conservato
1685 1517 1787 1570 statu-

232 1624 325 1676 erunt
348 1613 501 1694 deinceps
525 1613 751 1676 inviolabiliter
774 1613 1022 1683 observandum,
1046 1613 1133 1693 quod
1158 1624 1224 1675 tam
1248 1612 1362 1694 prelati
1386 1633 1482 1694 quam
1500 1615 1646 1675 canonici
1662 1615 1787 1694 priores

232 1721 408 1782 vocacione
432 1732 466 1784 et
488 1721 610 1782 ordinis
635 1721 833 1782 execucione
857 1729 1007 1800 petentes
1031 1719 1090 1780 sibi
1116 1719 1155 1781 de
1179 1719 1361 1783 huiusmodi
1385 1721 1467 1783 villis
1492 1723 1786 1802 prestimonialibus

231 1829 420 1892 vacantibus
444 1829 604 1908 provideri
629 1830 659 1889 in
685 1827 869 1890 obtinendis
893 1827 1015 1890 eisdem
1040 1847 1111 1889 esse
1136 1827 1278 1889 debeant
1302 1829 1459 1908 pociores,
1479 1829 1529 1891 ita
1552 1840 1671 1902 tamen,
1698 1830 1786 1911 quod

231 1937 351 1998 amodo
375 1935 492 2017 singuli
516 1955 627 1998 eorum
653 1935 796 1998 habeant
820 1944 946 1998 tantum
971 1955 1067 1998 unam
1090 1934 1321 2016 provisionem,
1355 1935 1438 1998 sicut
1461 1937 1492 1998 in
1517 1937 1661 1999 ecclesiis
1685 1936 1786 2000 Gnez-

232 2045 322 2105 nensi
348 2054 381 2106 et
406 2042 613 2106 Cracoviensi
638 2053 700 2105 etc.
725 2043 933 2118 observatur;
966 2043 1087 2122 poterit
1111 2053 1221 2104 tamen
1244 2041 1357 2122 vigore
1382 2044 1543 2122 presentis
1566 2046 1679 2106 statuti
1703 2044 1786 2106 alter

232 2170 343 2212 eorum
367 2152 399 2211 in
423 2150 553 2212 alterius
577 2149 720 2210 favorem
746 2149 965 2229 provisionem
990 2169 1081 2211 suam
1106 2159 1172 2210 tam
1197 2151 1228 2210 in
1253 2150 1397 2231 generali
1426 2170 1522 2231 quam
1546 2153 1577 2212 in
1602 2152 1785 2231 particulari

232 2257 381 2337 capitulis
404 2259 576 2338 resignare,
601 2277 662 2338 que
686 2257 867 2338 resignacio
891 2257 1017 2320 admitti
1042 2256 1174 2318 debebit
1198 2266 1231 2319 et
1255 2267 1325 2318 rata
1347 2277 1548 2338 permanere.
1578 2256 1637 2320 Cui
1660 2268 1785 2321 statuto

233 2364 375 2444 prefatus
399 2366 482 2428 dnus
506 2364 659 2426 Andreas
683 2364 773 2444 Epus
790 2383 880 2426 suam
897 2365 1123 2426 auctoritatem
1140 2364 1331 2426 ordinariam
1349 2365 1543 2445 interposuit
1560 2376 1592 2428 et
1609 2366 1785 2428 decretum.

232 2471 313 2534 Item
337 2472 391 2534 dni
415 2473 539 2534 senium
564 2471 793 2533 intellexerunt
817 2491 835 2533 a
859 2481 1009 2552 tempore
1032 2469 1164 2552 pacifice
1188 2472 1405 2551 possessionis
1429 2482 1462 2535 et
1486 2492 1552 2534 non
1575 2473 1663 2536 alias.

339 2609 427 2678 448.
464 2613 569 2694 (lbid.)
604 2611 685 2674 Item
710 2623 787 2676 tunc
811 2623 844 2674 et
867 2611 984 2674 ibidem
1009 2613 1246 2688 concluserunt,
1271 2613 1359 2694 quod
1383 2615 1566 2695 quicunque
1590 2634 1631 2676 ex
1655 2613 1787 2695 prelatis

231 2731 287 2782 aut
310 2721 474 2783 canonicis
498 2729 656 2782 statutum
680 2721 712 2780 in
735 2720 859 2799 pariete
887 2719 919 2780 in
943 2719 1069 2799 capella
1100 2719 1267 2800 capitulari
1303 2720 1458 2800 seriptum
1495 2721 1527 2782 in
1561 2731 1634 2785 toto
1666 2731 1722 2784 aut
1753 2723 1785 2784 In

231 2837 323 2907 parte
347 2827 523 2898 violaverit,
549 2837 771 2907 transgressor
794 2846 853 2907 pro
878 2826 930 2887 illa
954 2826 1006 2888 die
1029 2836 1138 2888 careat
1161 2826 1390 2890 refectionibus
1414 2838 1447 2891 et
1468 2830 1570 2890 eciam
1587 2828 1627 2891 de
1643 2830 1786 2909 capitulo

232 2933 431 3008 excludatur,
456 2944 489 2996 et
513 2934 602 3016 quod
626 2934 846 3014 unusquIsque
869 2953 981 2996 eorum
1005 2935 1036 2994 in
1061 2955 1121 2997 suo
1145 2934 1218 2996 Ioco
1235 2936 1324 2996 iuxta
1341 2936 1550 2998 vocacionem
1568 2955 1658 2998 suam
1675 2937 1787 2998 sedeat

231 3051 264 3103 et
288 3040 448 3122 loquatur.

337 3179 427 3248 449.
453 3182 503 3261 (II.
534 3185 570 3245 18
576 3183 615 3262 3).
639 3182 719 3245 Item
737 3183 980 3256 concluserunt,
1007 3183 1095 3264 quod
1117 3183 1200 3244 dnus
1216 3193 1327 3246 custos
1343 3185 1385 3246 sit
1400 3183 1569 3247 absolutus
1585 3205 1604 3244 a
1621 3183 1787 3246 solucione

231 3301 308 3352 taxe
332 3310 392 3371 pro
417 3291 560 3370 presenti
588 3289 617 3350 in
644 3290 730 3352 clero
762 3291 918 3352 currentis
950 3289 990 3351 de
1021 3290 1156 3352 ecclesia
1188 3309 1245 3352 sua
1276 3291 1308 3351 in
1338 3290 1452 3370 Pysdri
1485 3291 1590 3354 etde
1621 3291 1787 3372 prebenda

231 3416 256 3459 s.
280 3397 381 3458 Marie
407 3397 538 3458 minoris
562 3395 711 3472 Pozuan,
737 3397 819 3460 dnus
843 3417 921 3458 vero
945 3396 1085 3460 Mathias
1101 3397 1220 3460 habeat
1236 3417 1355 3460 novem
1373 3417 1506 3472 marcas,
1528 3407 1606 3460 taxa
1622 3399 1788 3478 prebende

231 3523 288 3566 sue
311 3504 352 3565 ad
376 3523 431 3566 eas
455 3504 590 3578 Inclusa,
615 3505 745 3566 racione
768 3505 916 3566 laborum
941 3515 973 3566 et
998 3505 1184 3587 diligencie,
1210 3527 1307 3587 quam
1333 3505 1445 3569 facturi
1469 3507 1599 3568 suntin
1624 3507 1788 3588 exigendo

231 3610 414 3673 huiusmodi
438 3611 725 3673 contribucionem.

304 3743 307 3748 ⁴
337 3748 425 3817 450.
452 3753 557 3833 (lbid.)
581 3753 705 3815 Ibidem
729 3753 810 3816 dnus
833 3753 925 3834 Epus
949 3754 989 3814 de
1013 3773 1174 3816 consensu
1198 3754 1330 3834 capituli
1361 3755 1555 3817 sinodum
1587 3755 1787 3834 dyocesa-

233 3881 321 3922 nam
346 3882 406 3942 pro
430 3861 599 3924 Dominica
624 3881 718 3941 prox.
751 3860 989 3923 »Misericordia
1014 3861 1085 3922 dni‹
1113 3861 1153 3924 de
1177 3883 1339 3925 consensu
1363 3863 1492 3944 capituli
1516 3863 1684 3924 constituit
1708 3863 1787 3924 cele·

231 3969 402 4039 brandam,
439 3968 597 4030 mandans
628 3968 874 4042 archidiaconis,
910 3979 945 4030 ut
980 3969 1256 4032 visitacionIs
1292 3968 1432 4031 officium
1460 3970 1586 4031 interim
1611 3967 1786 4049 perficiant,

231 4075 366 4149 quilibet
391 4076 422 4136 in
446 4097 505 4138 suo
529 4075 777 4138 archidiaconio

445 4268 488 4331 A.
520 4270 617 4348 1456,
642 4268 836 4332 Novembris
862 4270 918 4342 26,
944 4271 974 4330 in
1000 4271 1153 4352 capitulo

337 4406 425 4474 451.
450 4409 499 4490 (II.
530 4412 612 4488 185).
637 4409 698 4472 Die
714 4410 851 4472 Veneris
864 4459 888 4471 ..
913 4431 1020 4472 vener.
1039 4411 1132 4474 dni..
1158 4412 1273 4491 prelati
1289 4421 1322 4473 et
1338 4411 1521 4472 canonici..
1547 4411 1786 4490 deputaverunt

231 4517 314 4578 dnos
338 4515 570 4598 Sandivogium
595 4527 847 4596 procuratorem,
871 4517 1111 4598 Wigonowsky
1136 4519 1312 4590 seniorem,
1337 4517 1574 4596 Twardowsky
1599 4527 1632 4579 et
1648 4516 1785 4597 Stepha-

230 4643 306 4684 num
331 4625 371 4685 de
396 4622 489 4686 Chibi
512 4624 553 4686 ad
578 4625 755 4686 taxandum
780 4625 866 4686 bona
890 4635 923 4688 et
948 4625 1065 4686 domos
1089 4646 1127 4686 ac
1151 4625 1230 4688 alias
1253 4625 1479 4705 possessiones
1500 4623 1736 4704 oppidanorum
1754 4625 1785 4685 in

230 4729 445 4793 Walischewo
471 4741 503 4792 et
527 4730 559 4791 in
583 4729 715 4794 Ostrow
739 4751 799 4811 pro
824 4753 838 4793 r
851 4753 869 4793 e
881 4753 904 4814 g
917 4733 925 4793 i
938 4752 957 4794 a
985 4753 1036 4794 co
1050 4753 1069 4792 n
1082 4742 1095 4794 t
1109 4732 1178 4794 rib
1192 4755 1212 4794 u
1225 4752 1242 4792 c
1256 4733 1265 4793 i
1278 4752 1298 4792 o
1312 4752 1331 4792 n
1345 4751 1379 4802 e,
1404 4733 1618 4794 communiter
1633 4731 1664 4792 in
1683 4750 1785 4812 regno

231 4837 457 4900 ecclesiasticis
481 4849 514 4900 et
538 4837 735 4901 secularibus
758 4839 887 4900 indicta.

445 5048 487 5113 A.
516 5052 614 5129 1456,
640 5049 830 5111 Decembris
860 5067 913 5125 14,
938 5051 969 5110 in
993 5050 1145 5132 capitulo

335 5187 425 5256 452.
448 5190 498 5270 (II.
529 5192 610 5270 185).
637 5182 697 5252 Die
720 5191 873 5252 Martis..
898 5211 1005 5254 vener.
1029 5192 1120 5254 dni..
1145 5193 1259 5272 prelati
1283 5203 1315 5254 et
1339 5192 1484 5253 canonici
1509 5189 1644 5252 ecclesie
1668 5189 1785 5250 Pozna-

228 5299 383 5361 niensis..
416 5299 660 5370 concluserunt,
693 5297 781 5378 quod
806 5317 920 5360 omnes
945 5298 1139 5361 kmethones
1164 5299 1203 5360 de
1228 5299 1310 5362 villis
1334 5299 1465 5378 capituli
1489 5296 1786 5378 prestimonialibus

229 5405 359 5468 solvant
382 5405 553 5466 annualem
584 5407 762 5486 regiam
794 5405 1227 5478 contribucionem,
1259 5405 1337 5468 alias
1358 5405 1550 5486 pnrndluye,
1583 5405 1614 5466 in
1639 5403 1787 5466 manIbus

228 5511 342 5574 honor.
361 5511 415 5572 dni
439 5510 627 5593 SandIvogii
645 5514 863 5591 procuratoris
879 5514 1010 5591 capituli
1028 5513 1087 5575 sub
1104 5513 1246 5574 censuris
1263 5522 1377 5574 contra
1394 5522 1545 5594 regentes
1562 5511 1787 5603 extendendis,

229 5619 270 5681 de
294 5618 409 5700 quibus
433 5621 576 5699 pecuniIs
604 5619 743 5700 lapidem
776 5619 895 5700 piperis
924 5631 957 5682 et
987 5621 1145 5684 talentum
1177 5622 1264 5683 croci
1292 5621 1415 5684 Rmo„
1449 5621 1514 5682 dno
1545 5619 1680 5682 Iohanni
1711 5619 1785 5706 Epo

337 5731 433 5774 Monuni.
449 5731 512 5772 medii
526 5731 573 5774 aevi
588 5731 637 5774 hist.
654 5731 712 5774 XIII.
1581 5725 1613 5782 12
