<?xml version="1.0" encoding="UTF-8"?>
<!DOCTYPE html PUBLIC "-//W3C//DTD XHTML 1.0 Transitional//EN"
    "http://www.w3.org/TR/xhtml1/DTD/xhtml1-transitional.dtd">
<html xmlns="http://www.w3.org/1999/xhtml" xml:lang="en" lang="en">
 <head>
  <title>
</title>
<meta http-equiv="Content-Type" content="text/html;charset=utf-8" />
  <meta name='ocr-system' content='tesseract 3.04.00' />
  <meta name='ocr-capabilities' content='ocr_page ocr_carea ocr_par ocr_line ocrx_word'/>
</head>
<body>
  <div class='ocr_page' id='page_1' title='image "actacapitulorum00czubgoog_0044.png"; bbox 0 0 4458 6356; ppageno 0'>
   <div class='ocr_carea' id='block_1_1' title="bbox 937 523 1499 584">
    <p class='ocr_par' dir='ltr' id='par_1_1' title="bbox 937 523 1499 584">
     <span class='ocr_line' id='line_1_1' title="bbox 937 523 1499 584; baseline 0.011 -6"><span class='ocrx_word' id='word_1_1' title='bbox 937 527 1032 580; x_wconf 85' lang='lat' dir='ltr'><strong>ACTA</strong></span> <span class='ocrx_word' id='word_1_2' title='bbox 1051 523 1215 581; x_wconf 81' lang='lat' dir='ltr'>CAPITULI</span> <span class='ocrx_word' id='word_1_3' title='bbox 1240 531 1499 584; x_wconf 88' lang='lat' dir='ltr'>POZNANIENSIS</span> 
     </span>
    </p>
   </div>
   <div class='ocr_carea' id='block_1_2' title="bbox 438 617 1556 633">
    <p class='ocr_par' dir='ltr' id='par_1_2' title="bbox 438 617 1556 633">
     <span class='ocr_line' id='line_1_2' title="bbox 438 617 1556 633; baseline 0.009 -10"><span class='ocrx_word' id='word_1_4' title='bbox 438 617 921 627; x_wconf 70' lang='lat'>———-—-—-.——.-—..</span> <span class='ocrx_word' id='word_1_5' title='bbox 930 622 1010 628; x_wconf 65' lang='grc'>...-</span> <span class='ocrx_word' id='word_1_6' title='bbox 1025 624 1091 629; x_wconf 83' lang='lat'>——.</span> <span class='ocrx_word' id='word_1_7' title='bbox 1099 624 1556 633; x_wconf 79' lang='lat'><strong>————-—-——-—-—---—-———-</strong></span> 
     </span>
    </p>
   </div>
   <div class='ocr_carea' id='block_1_3' title="bbox 433 738 1993 1460">
    <p class='ocr_par' dir='ltr' id='par_1_3' title="bbox 433 738 1993 1460">
     <span class='ocr_line' id='line_1_3' title="bbox 437 738 1993 828; baseline 0.011 -31"><span class='ocrx_word' id='word_1_8' title='bbox 437 747 563 816; x_wconf 85' lang='lat' dir='ltr'>patrem</span> <span class='ocrx_word' id='word_1_9' title='bbox 587 739 686 800; x_wconf 90' lang='lat' dir='ltr'>dnum</span> <span class='ocrx_word' id='word_1_10' title='bbox 711 738 905 802; x_wconf 87' lang='lat' dir='ltr'>Stanislaum</span> <span class='ocrx_word' id='word_1_11' title='bbox 930 742 1037 822; x_wconf 88' lang='lat' dir='ltr'>Epum</span> <span class='ocrx_word' id='word_1_12' title='bbox 1061 764 1200 824; x_wconf 82' lang='lat' dir='ltr'>purgare</span> <span class='ocrx_word' id='word_1_13' title='bbox 1223 745 1388 826; x_wconf 77' lang='lat' dir='ltr'>volenteS,</span> <span class='ocrx_word' id='word_1_14' title='bbox 1423 749 1494 826; x_wconf 88' lang='lat' dir='ltr'>qui,</span> <span class='ocrx_word' id='word_1_15' title='bbox 1518 758 1615 828; x_wconf 92' lang='lat' dir='ltr'>prout</span> <span class='ocrx_word' id='word_1_16' title='bbox 1638 749 1849 826; x_wconf 84' lang='lat' dir='ltr'>asserebatur,</span> <span class='ocrx_word' id='word_1_17' title='bbox 1873 762 1993 814; x_wconf 91' lang='lat' dir='ltr'>statum</span> 
     </span>
     <span class='ocr_line' id='line_1_4' title="bbox 436 843 1992 930; baseline 0.009 -25"><span class='ocrx_word' id='word_1_18' title='bbox 436 854 469 905; x_wconf 93' lang='lat' dir='ltr'>et</span> <span class='ocrx_word' id='word_1_19' title='bbox 493 843 650 907; x_wconf 87' lang='lat' dir='ltr'>honorem</span> <span class='ocrx_word' id='word_1_20' title='bbox 674 847 773 926; x_wconf 91' lang='lat' dir='ltr'>ipsius</span> <span class='ocrx_word' id='word_1_21' title='bbox 797 847 851 909; x_wconf 90' lang='lat' dir='ltr'>dni</span> <span class='ocrx_word' id='word_1_22' title='bbox 867 847 930 928; x_wconf 88' lang='lat' dir='ltr'>Epi</span> <span class='ocrx_word' id='word_1_23' title='bbox 946 848 1139 930; x_wconf 82' lang='lat' dir='ltr'>tangebant,</span> <span class='ocrx_word' id='word_1_24' title='bbox 1163 849 1357 914; x_wconf 83' lang='lat' dir='ltr'>confessioni</span> <span class='ocrx_word' id='word_1_25' title='bbox 1373 851 1534 914; x_wconf 90' lang='lat' dir='ltr'>dictorum</span> <span class='ocrx_word' id='word_1_26' title='bbox 1550 853 1687 916; x_wconf 87' lang='lat' dir='ltr'>duorum</span> <span class='ocrx_word' id='word_1_27' title='bbox 1705 876 1740 918; x_wconf 91' lang='lat' dir='ltr'>se</span> <span class='ocrx_word' id='word_1_28' title='bbox 1765 856 1992 921; x_wconf 89' lang='lat' dir='ltr'>submiserunt.</span> 
     </span>
     <span class='ocr_line' id='line_1_5' title="bbox 436 948 1990 1044; baseline 0.01 -33"><span class='ocrx_word' id='word_1_29' title='bbox 436 948 499 1030; x_wconf 84' lang='lat' dir='ltr'>Qui</span> <span class='ocrx_word' id='word_1_30' title='bbox 523 950 577 1013; x_wconf 93' lang='lat' dir='ltr'>dni</span> <span class='ocrx_word' id='word_1_31' title='bbox 601 951 714 1031; x_wconf 90' lang='lat' dir='ltr'>prelati</span> <span class='ocrx_word' id='word_1_32' title='bbox 739 965 771 1014; x_wconf 90' lang='lat' dir='ltr'>et</span> <span class='ocrx_word' id='word_1_33' title='bbox 795 956 940 1016; x_wconf 92' lang='lat' dir='ltr'>canonici</span> <span class='ocrx_word' id='word_1_34' title='bbox 964 955 1210 1030; x_wconf 89' lang='lat' dir='ltr'>confessisunt,</span> <span class='ocrx_word' id='word_1_35' title='bbox 1236 958 1324 1039; x_wconf 91' lang='lat' dir='ltr'>quod</span> <span class='ocrx_word' id='word_1_36' title='bbox 1341 959 1428 1021; x_wconf 91' lang='lat' dir='ltr'>nullo</span> <span class='ocrx_word' id='word_1_37' title='bbox 1445 979 1599 1041; x_wconf 87' lang='lat' dir='ltr'>umquam</span> <span class='ocrx_word' id='word_1_38' title='bbox 1617 970 1766 1041; x_wconf 90' lang='lat' dir='ltr'>tempore</span> <span class='ocrx_word' id='word_1_39' title='bbox 1789 963 1990 1044; x_wconf 84' lang='lat' dir='ltr'>legacionem</span> 
     </span>
     <span class='ocr_line' id='line_1_6' title="bbox 435 1051 1992 1149; baseline 0.01 -31"><span class='ocrx_word' id='word_1_40' title='bbox 435 1055 580 1121; x_wconf 88' lang='lat' dir='ltr'>fecerunt</span> <span class='ocrx_word' id='word_1_41' title='bbox 611 1079 669 1138; x_wconf 90' lang='lat' dir='ltr'>per</span> <span class='ocrx_word' id='word_1_42' title='bbox 700 1059 784 1122; x_wconf 89' lang='lat' dir='ltr'>fatos</span> <span class='ocrx_word' id='word_1_43' title='bbox 820 1061 902 1123; x_wconf 93' lang='lat' dir='ltr'>dnos</span> <span class='ocrx_word' id='word_1_44' title='bbox 934 1051 1025 1142; x_wconf 68' lang='lat' dir='ltr'>Dry&#39;a</span> <span class='ocrx_word' id='word_1_45' title='bbox 1057 1063 1213 1126; x_wconf 91' lang='lat' dir='ltr'>decanum</span> <span class='ocrx_word' id='word_1_46' title='bbox 1247 1075 1279 1128; x_wconf 93' lang='lat' dir='ltr'>et</span> <span class='ocrx_word' id='word_1_47' title='bbox 1310 1065 1485 1128; x_wconf 87' lang='lat' dir='ltr'>Hectorem</span> <span class='ocrx_word' id='word_1_48' title='bbox 1517 1070 1718 1149; x_wconf 89' lang='lat' dir='ltr'>prepositum</span> <span class='ocrx_word' id='word_1_49' title='bbox 1749 1090 1820 1132; x_wconf 94' lang='lat' dir='ltr'>cum</span> <span class='ocrx_word' id='word_1_50' title='bbox 1852 1072 1992 1134; x_wconf 84' lang='lat' dir='ltr'>articulis</span> 
     </span>
     <span class='ocr_line' id='line_1_7' title="bbox 435 1165 1990 1258; baseline 0.009 -32"><span class='ocrx_word' id='word_1_51' title='bbox 435 1166 536 1228; x_wconf 85' lang='lat' dir='ltr'>malis.</span> <span class='ocrx_word' id='word_1_52' title='bbox 583 1165 698 1229; x_wconf 91' lang='lat' dir='ltr'>Dictus</span> <span class='ocrx_word' id='word_1_53' title='bbox 729 1188 806 1229; x_wconf 90' lang='lat' dir='ltr'>vero</span> <span class='ocrx_word' id='word_1_54' title='bbox 831 1168 913 1230; x_wconf 94' lang='lat' dir='ltr'>dnus</span> <span class='ocrx_word' id='word_1_55' title='bbox 936 1168 1116 1234; x_wconf 85' lang='lat' dir='ltr'>Stanislaus</span> <span class='ocrx_word' id='word_1_56' title='bbox 1140 1171 1231 1252; x_wconf 87' lang='lat' dir='ltr'>Epus</span> <span class='ocrx_word' id='word_1_57' title='bbox 1255 1173 1512 1236; x_wconf 82' lang='lat' dir='ltr'>confessionibus</span> <span class='ocrx_word' id='word_1_58' title='bbox 1545 1174 1705 1238; x_wconf 92' lang='lat' dir='ltr'>dictorum</span> <span class='ocrx_word' id='word_1_59' title='bbox 1727 1176 1865 1238; x_wconf 78' lang='lat' dir='ltr'>&#39;dnorum</span> <span class='ocrx_word' id='word_1_60' title='bbox 1890 1179 1990 1258; x_wconf 87' lang='lat' dir='ltr'>prela·</span> 
     </span>
     <span class='ocr_line' id='line_1_8' title="bbox 433 1272 1989 1364; baseline 0.009 -31"><span class='ocrx_word' id='word_1_61' title='bbox 433 1282 541 1334; x_wconf 87' lang='lat' dir='ltr'>torum</span> <span class='ocrx_word' id='word_1_62' title='bbox 564 1272 689 1346; x_wconf 74' lang='lat' dir='ltr'>auditIs,</span> <span class='ocrx_word' id='word_1_63' title='bbox 715 1286 913 1338; x_wconf 89' lang='lat' dir='ltr'>memoratos</span> <span class='ocrx_word' id='word_1_64' title='bbox 937 1275 1020 1338; x_wconf 91' lang='lat' dir='ltr'>dnos</span> <span class='ocrx_word' id='word_1_65' title='bbox 1044 1277 1200 1340; x_wconf 88' lang='lat' dir='ltr'>Mathiam</span> <span class='ocrx_word' id='word_1_66' title='bbox 1225 1279 1383 1342; x_wconf 88' lang='lat' dir='ltr'>decanum</span> <span class='ocrx_word' id='word_1_67' title='bbox 1408 1289 1440 1344; x_wconf 92' lang='lat' dir='ltr'>et</span> <span class='ocrx_word' id='word_1_68' title='bbox 1464 1279 1640 1345; x_wconf 89' lang='lat' dir='ltr'>Hectorem</span> <span class='ocrx_word' id='word_1_69' title='bbox 1657 1285 1859 1364; x_wconf 90' lang='lat' dir='ltr'>prepositum</span> <span class='ocrx_word' id='word_1_70' title='bbox 1877 1284 1989 1347; x_wconf 91' lang='lat' dir='ltr'>habuit</span> 
     </span>
     <span class='ocr_line' id='line_1_9' title="bbox 433 1380 672 1460; baseline 0.013 -22"><span class='ocrx_word' id='word_1_71' title='bbox 433 1399 494 1458; x_wconf 90' lang='lat' dir='ltr'>pro</span> <span class='ocrx_word' id='word_1_72' title='bbox 517 1380 672 1460; x_wconf 86' lang='lat' dir='ltr'>purgatis.</span> 
     </span>
    </p>
   </div>
   <div class='ocr_carea' id='block_1_4' title="bbox 646 1617 1384 1706">
    <p class='ocr_par' dir='ltr' id='par_1_4' title="bbox 646 1617 1384 1706">
     <span class='ocr_line' id='line_1_10' title="bbox 646 1617 1384 1706; baseline 0.008 -27"><span class='ocrx_word' id='word_1_73' title='bbox 646 1617 687 1681; x_wconf 83' lang='lat' dir='ltr'>A.</span> <span class='ocrx_word' id='word_1_74' title='bbox 718 1635 815 1699; x_wconf 82' lang='lat'>1433,</span> <span class='ocrx_word' id='word_1_75' title='bbox 836 1620 907 1700; x_wconf 91' lang='lat' dir='ltr'>Julii</span> <span class='ocrx_word' id='word_1_76' title='bbox 934 1638 983 1700; x_wconf 91' lang='lat'>29,</span> <span class='ocrx_word' id='word_1_77' title='bbox 1008 1624 1039 1684; x_wconf 86' lang='lat' dir='ltr'>iu</span> <span class='ocrx_word' id='word_1_78' title='bbox 1063 1623 1207 1704; x_wconf 90' lang='lat' dir='ltr'>capitulo</span> <span class='ocrx_word' id='word_1_79' title='bbox 1231 1625 1384 1706; x_wconf 86' lang='lat' dir='ltr'>generali.</span> 
     </span>
    </p>
   </div>
   <div class='ocr_carea' id='block_1_5' title="bbox 423 1783 1990 3050">
    <p class='ocr_par' dir='ltr' id='par_1_5' title="bbox 423 1783 1990 3050">
     <span class='ocr_line' id='line_1_11' title="bbox 545 1783 1988 1876; baseline 0.005 -24"><span class='ocrx_word' id='word_1_80' title='bbox 545 1783 627 1852; x_wconf 84' lang='grc'>126.</span> <span class='ocrx_word' id='word_1_81' title='bbox 652 1788 684 1870; x_wconf 88' lang='grc' dir='ltr'>(Ι.</span> <span class='ocrx_word' id='word_1_82' title='bbox 714 1787 801 1872; x_wconf 84' lang='lat'>112¹)</span> <span class='ocrx_word' id='word_1_83' title='bbox 817 1839 845 1852; x_wconf 89' lang='lat'>..</span> <span class='ocrx_word' id='word_1_84' title='bbox 888 1791 1015 1854; x_wconf 90' lang='lat' dir='ltr'>Rmo..</span> <span class='ocrx_word' id='word_1_85' title='bbox 1044 1792 1109 1854; x_wconf 91' lang='lat' dir='ltr'>dno</span> <span class='ocrx_word' id='word_1_86' title='bbox 1133 1791 1295 1856; x_wconf 87' lang='lat' dir='ltr'>Stanislao</span> <span class='ocrx_word' id='word_1_87' title='bbox 1319 1793 1395 1873; x_wconf 88' lang='lat' dir='ltr'>Epo</span> <span class='ocrx_word' id='word_1_88' title='bbox 1418 1794 1513 1855; x_wconf 88' lang='lat' dir='ltr'>Pozn.</span> <span class='ocrx_word' id='word_1_89' title='bbox 1538 1815 1577 1856; x_wconf 92' lang='lat' dir='ltr'>ac</span> <span class='ocrx_word' id='word_1_90' title='bbox 1600 1815 1709 1857; x_wconf 91' lang='lat' dir='ltr'>vener.</span> <span class='ocrx_word' id='word_1_91' title='bbox 1734 1843 1762 1858; x_wconf 93' lang='lat'>..</span> <span class='ocrx_word' id='word_1_92' title='bbox 1787 1795 1897 1858; x_wconf 87' lang='lat' dir='ltr'>dois..</span> <span class='ocrx_word' id='word_1_93' title='bbox 1921 1817 1988 1876; x_wconf 90' lang='lat' dir='ltr'>pre-</span> 
     </span>
     <span class='ocr_line' id='line_1_12' title="bbox 432 1896 1990 1985; baseline 0.003 -26"><span class='ocrx_word' id='word_1_94' title='bbox 432 1898 505 1960; x_wconf 88' lang='lat' dir='ltr'>latis</span> <span class='ocrx_word' id='word_1_95' title='bbox 529 1907 562 1960; x_wconf 91' lang='lat' dir='ltr'>et</span> <span class='ocrx_word' id='word_1_96' title='bbox 586 1896 790 1959; x_wconf 81' lang='lat' dir='ltr'>canonicis..</span> <span class='ocrx_word' id='word_1_97' title='bbox 820 1898 1040 1976; x_wconf 86' lang='lat' dir='ltr'>capitulariter</span> <span class='ocrx_word' id='word_1_98' title='bbox 1063 1901 1273 1981; x_wconf 83' lang='lat' dir='ltr'>congregatis</span> <span class='ocrx_word' id='word_1_99' title='bbox 1297 1921 1405 1963; x_wconf 89' lang='lat' dir='ltr'>vener.</span> <span class='ocrx_word' id='word_1_100' title='bbox 1430 1901 1488 1962; x_wconf 89' lang='lat' dir='ltr'>viri</span> <span class='ocrx_word' id='word_1_101' title='bbox 1513 1901 1567 1962; x_wconf 89' lang='lat' dir='ltr'>dni</span> <span class='ocrx_word' id='word_1_102' title='bbox 1587 1901 1657 1980; x_wconf 86' lang='lat' dir='ltr'>Joh.</span> <span class='ocrx_word' id='word_1_103' title='bbox 1681 1903 1816 1965; x_wconf 87' lang='lat' dir='ltr'>vicarius</span> <span class='ocrx_word' id='word_1_104' title='bbox 1840 1905 1872 1964; x_wconf 91' lang='lat' dir='ltr'>in</span> <span class='ocrx_word' id='word_1_105' title='bbox 1896 1901 1990 1985; x_wconf 90' lang='lat' dir='ltr'>Spiri-</span> 
     </span>
     <span class='ocr_line' id='line_1_13' title="bbox 423 2003 1989 2091; baseline 0.001 -22"><span class='ocrx_word' id='word_1_106' title='bbox 423 2007 571 2078; x_wconf 90' lang='lat' dir='ltr'>tualibus</span> <span class='ocrx_word' id='word_1_107' title='bbox 603 2015 636 2066; x_wconf 93' lang='lat' dir='ltr'>et</span> <span class='ocrx_word' id='word_1_108' title='bbox 668 2003 819 2066; x_wconf 88' lang='lat' dir='ltr'>Clemens</span> <span class='ocrx_word' id='word_1_109' title='bbox 849 2003 889 2065; x_wconf 93' lang='lat' dir='ltr'>de</span> <span class='ocrx_word' id='word_1_110' title='bbox 920 2005 1103 2067; x_wconf 89' lang='lat' dir='ltr'>Drzewicza</span> <span class='ocrx_word' id='word_1_111' title='bbox 1132 2006 1275 2069; x_wconf 86' lang='lat' dir='ltr'>officialis</span> <span class='ocrx_word' id='word_1_112' title='bbox 1307 2007 1447 2070; x_wconf 90' lang='lat' dir='ltr'>Poznan.</span> <span class='ocrx_word' id='word_1_113' title='bbox 1480 2008 1700 2071; x_wconf 90' lang='lat' dir='ltr'>innocenciam</span> <span class='ocrx_word' id='word_1_114' title='bbox 1725 2011 1867 2090; x_wconf 89' lang='lat' dir='ltr'>ipsorum</span> <span class='ocrx_word' id='word_1_115' title='bbox 1892 2031 1989 2091; x_wconf 89' lang='lat' dir='ltr'>super</span> 
     </span>
     <span class='ocr_line' id='line_1_14' title="bbox 432 2112 1986 2199; baseline 0 -21"><span class='ocrx_word' id='word_1_116' title='bbox 432 2113 656 2199; x_wconf 89' lang='lat' dir='ltr'>questionibus</span> <span class='ocrx_word' id='word_1_117' title='bbox 680 2112 720 2174; x_wconf 92' lang='lat' dir='ltr'>de</span> <span class='ocrx_word' id='word_1_118' title='bbox 744 2112 932 2192; x_wconf 90' lang='lat' dir='ltr'>prodicione</span> <span class='ocrx_word' id='word_1_119' title='bbox 955 2123 1152 2176; x_wconf 90' lang='lat' dir='ltr'>secretorum</span> <span class='ocrx_word' id='word_1_120' title='bbox 1178 2113 1243 2175; x_wconf 89' lang='lat' dir='ltr'>dno</span> <span class='ocrx_word' id='word_1_121' title='bbox 1266 2113 1340 2194; x_wconf 87' lang='lat' dir='ltr'>Epo</span> <span class='ocrx_word' id='word_1_122' title='bbox 1364 2114 1521 2190; x_wconf 90' lang='lat' dir='ltr'>Poznan.,</span> <span class='ocrx_word' id='word_1_123' title='bbox 1546 2135 1605 2194; x_wconf 92' lang='lat' dir='ltr'>per</span> <span class='ocrx_word' id='word_1_124' title='bbox 1628 2115 1739 2177; x_wconf 90' lang='lat' dir='ltr'>honor.</span> <span class='ocrx_word' id='word_1_125' title='bbox 1763 2119 1865 2177; x_wconf 93' lang='lat' dir='ltr'>virum</span> <span class='ocrx_word' id='word_1_126' title='bbox 1889 2117 1986 2178; x_wconf 93' lang='lat' dir='ltr'>dnum</span> 
     </span>
     <span class='ocr_line' id='line_1_15' title="bbox 430 2215 1986 2304; baseline -0.001 -18"><span class='ocrx_word' id='word_1_127' title='bbox 430 2223 587 2285; x_wconf 90' lang='lat' dir='ltr'>Mathiam</span> <span class='ocrx_word' id='word_1_128' title='bbox 617 2221 657 2281; x_wconf 90' lang='lat' dir='ltr'>de</span> <span class='ocrx_word' id='word_1_129' title='bbox 689 2218 869 2299; x_wconf 87' lang='lat' dir='ltr'>Chlapowo</span> <span class='ocrx_word' id='word_1_130' title='bbox 900 2220 1090 2281; x_wconf 91' lang='lat' dir='ltr'>canonicum</span> <span class='ocrx_word' id='word_1_131' title='bbox 1122 2215 1262 2282; x_wconf 78' lang='lat' dir='ltr'>Poznan.</span> <span class='ocrx_word' id='word_1_132' title='bbox 1294 2222 1325 2282; x_wconf 91' lang='lat' dir='ltr'>in</span> <span class='ocrx_word' id='word_1_133' title='bbox 1357 2221 1463 2282; x_wconf 90' lang='lat' dir='ltr'>medio</span> <span class='ocrx_word' id='word_1_134' title='bbox 1487 2222 1616 2302; x_wconf 88' lang='lat' dir='ltr'>capituli</span> <span class='ocrx_word' id='word_1_135' title='bbox 1645 2223 1723 2284; x_wconf 90' lang='lat' dir='ltr'>alias</span> <span class='ocrx_word' id='word_1_136' title='bbox 1748 2223 1904 2298; x_wconf 77' lang='lat' dir='ltr'>obiectiS,</span> <span class='ocrx_word' id='word_1_137' title='bbox 1928 2243 1986 2304; x_wconf 90' lang='lat' dir='ltr'>per</span> 
     </span>
     <span class='ocr_line' id='line_1_16' title="bbox 431 2323 1987 2408; baseline -0.001 -16"><span class='ocrx_word' id='word_1_138' title='bbox 431 2331 567 2392; x_wconf 91' lang='lat' dir='ltr'>eundem</span> <span class='ocrx_word' id='word_1_139' title='bbox 592 2329 711 2389; x_wconf 90' lang='lat' dir='ltr'>Rmum</span> <span class='ocrx_word' id='word_1_140' title='bbox 736 2335 861 2406; x_wconf 81' lang='lat' dir='ltr'>patrem</span> <span class='ocrx_word' id='word_1_141' title='bbox 886 2323 984 2387; x_wconf 87' lang='lat' dir='ltr'>dnum</span> <span class='ocrx_word' id='word_1_142' title='bbox 1009 2323 1203 2389; x_wconf 87' lang='lat' dir='ltr'>Stanislaum</span> <span class='ocrx_word' id='word_1_143' title='bbox 1229 2327 1352 2408; x_wconf 88' lang='lat' dir='ltr'>Epum,</span> <span class='ocrx_word' id='word_1_144' title='bbox 1377 2328 1430 2408; x_wconf 93' lang='lat' dir='ltr'>qui</span> <span class='ocrx_word' id='word_1_145' title='bbox 1455 2327 1585 2400; x_wconf 84' lang='lat' dir='ltr'>ibidem,</span> <span class='ocrx_word' id='word_1_146' title='bbox 1612 2330 1698 2408; x_wconf 92' lang='lat' dir='ltr'>quod</span> <span class='ocrx_word' id='word_1_147' title='bbox 1724 2329 1783 2390; x_wconf 93' lang='lat' dir='ltr'>sibi</span> <span class='ocrx_word' id='word_1_148' title='bbox 1807 2327 1987 2392; x_wconf 90' lang='lat' dir='ltr'>huiusmodi</span> 
     </span>
     <span class='ocr_line' id='line_1_17' title="bbox 430 2432 1986 2516; baseline 0 -16"><span class='ocrx_word' id='word_1_149' title='bbox 430 2447 555 2500; x_wconf 92' lang='lat' dir='ltr'>secreta</span> <span class='ocrx_word' id='word_1_150' title='bbox 578 2452 742 2514; x_wconf 90' lang='lat' dir='ltr'>nunquam</span> <span class='ocrx_word' id='word_1_151' title='bbox 765 2432 986 2514; x_wconf 86' lang='lat' dir='ltr'>prodiderunt,</span> <span class='ocrx_word' id='word_1_152' title='bbox 1010 2435 1221 2496; x_wconf 90' lang='lat' dir='ltr'>iuramentum</span> <span class='ocrx_word' id='word_1_153' title='bbox 1239 2435 1379 2514; x_wconf 86' lang='lat' dir='ltr'>prestitit</span> <span class='ocrx_word' id='word_1_154' title='bbox 1396 2435 1564 2514; x_wconf 88' lang='lat' dir='ltr'>corporale</span> <span class='ocrx_word' id='word_1_155' title='bbox 1581 2437 1678 2496; x_wconf 90' lang='lat' dir='ltr'>sacris</span> <span class='ocrx_word' id='word_1_156' title='bbox 1696 2435 1859 2516; x_wconf 89' lang='lat' dir='ltr'>scripturis</span> <span class='ocrx_word' id='word_1_157' title='bbox 1884 2437 1986 2510; x_wconf 74' lang='lat' dir='ltr'>tactis</span> 
     </span>
     <span class='ocr_line' id='line_1_18' title="bbox 430 2539 1983 2626; baseline -0.001 -20"><span class='ocrx_word' id='word_1_158' title='bbox 430 2551 657 2626; x_wconf 83' lang='lat' dir='ltr'>purgaverunt.</span> <span class='ocrx_word' id='word_1_159' title='bbox 704 2539 842 2601; x_wconf 92' lang='lat' dir='ltr'>Demum</span> <span class='ocrx_word' id='word_1_160' title='bbox 874 2559 952 2601; x_wconf 88' lang='lat' dir='ltr'>vero</span> <span class='ocrx_word' id='word_1_161' title='bbox 984 2540 1098 2620; x_wconf 89' lang='lat' dir='ltr'>prefati</span> <span class='ocrx_word' id='word_1_162' title='bbox 1122 2561 1228 2602; x_wconf 87' lang='lat' dir='ltr'>vener.</span> <span class='ocrx_word' id='word_1_163' title='bbox 1257 2541 1422 2620; x_wconf 87' lang='lat' dir='ltr'>Johannes</span> <span class='ocrx_word' id='word_1_164' title='bbox 1446 2543 1583 2602; x_wconf 90' lang='lat' dir='ltr'>vicarius</span> <span class='ocrx_word' id='word_1_165' title='bbox 1608 2551 1641 2604; x_wconf 94' lang='lat' dir='ltr'>et</span> <span class='ocrx_word' id='word_1_166' title='bbox 1665 2540 1815 2604; x_wconf 87' lang='lat' dir='ltr'>Clemens</span> <span class='ocrx_word' id='word_1_167' title='bbox 1840 2541 1983 2605; x_wconf 85' lang='lat' dir='ltr'>officialis</span> 
     </span>
     <span class='ocr_line' id='line_1_19' title="bbox 428 2645 1982 2729; baseline -0.001 -16"><span class='ocrx_word' id='word_1_168' title='bbox 428 2654 607 2713; x_wconf 89' lang='lat' dir='ltr'>iuramenta</span> <span class='ocrx_word' id='word_1_169' title='bbox 638 2647 818 2728; x_wconf 89' lang='lat' dir='ltr'>corporalia</span> <span class='ocrx_word' id='word_1_170' title='bbox 849 2645 890 2709; x_wconf 90' lang='lat' dir='ltr'>ad</span> <span class='ocrx_word' id='word_1_171' title='bbox 922 2667 948 2710; x_wconf 90' lang='lat' dir='ltr'>s.</span> <span class='ocrx_word' id='word_1_172' title='bbox 979 2647 1041 2708; x_wconf 92' lang='lat' dir='ltr'>Dei</span> <span class='ocrx_word' id='word_1_173' title='bbox 1071 2647 1266 2729; x_wconf 83' lang='lat' dir='ltr'>Evangelia,</span> <span class='ocrx_word' id='word_1_174' title='bbox 1304 2648 1392 2729; x_wconf 91' lang='lat' dir='ltr'>quod</span> <span class='ocrx_word' id='word_1_175' title='bbox 1425 2647 1512 2708; x_wconf 90' lang='lat' dir='ltr'>nullo</span> <span class='ocrx_word' id='word_1_176' title='bbox 1545 2667 1697 2729; x_wconf 89' lang='lat' dir='ltr'>umquam</span> <span class='ocrx_word' id='word_1_177' title='bbox 1722 2659 1871 2729; x_wconf 90' lang='lat' dir='ltr'>tempore</span> <span class='ocrx_word' id='word_1_178' title='bbox 1895 2650 1982 2712; x_wconf 92' lang='lat' dir='ltr'>dicto</span> 
     </span>
     <span class='ocr_line' id='line_1_20' title="bbox 428 2753 1985 2836; baseline -0.002 -16"><span class='ocrx_word' id='word_1_179' title='bbox 428 2759 494 2820; x_wconf 91' lang='lat' dir='ltr'>dno</span> <span class='ocrx_word' id='word_1_180' title='bbox 519 2754 680 2818; x_wconf 85' lang='lat' dir='ltr'>Stanislao</span> <span class='ocrx_word' id='word_1_181' title='bbox 705 2755 778 2834; x_wconf 90' lang='lat' dir='ltr'>Epo</span> <span class='ocrx_word' id='word_1_182' title='bbox 803 2753 1029 2835; x_wconf 87' lang='lat' dir='ltr'>prodiderunt,</span> <span class='ocrx_word' id='word_1_183' title='bbox 1064 2755 1209 2817; x_wconf 91' lang='lat' dir='ltr'>similiter</span> <span class='ocrx_word' id='word_1_184' title='bbox 1231 2757 1458 2834; x_wconf 76' lang='lat' dir='ltr'>prestiterunt,</span> <span class='ocrx_word' id='word_1_185' title='bbox 1495 2755 1609 2835; x_wconf 93' lang='lat' dir='ltr'>quibus</span> <span class='ocrx_word' id='word_1_186' title='bbox 1634 2757 1821 2818; x_wconf 88' lang='lat' dir='ltr'>iuramentis</span> <span class='ocrx_word' id='word_1_187' title='bbox 1846 2775 1985 2836; x_wconf 85' lang='lat' dir='ltr'>percos</span> 
     </span>
     <span class='ocr_line' id='line_1_21' title="bbox 430 2860 1984 2946; baseline -0.002 -20"><span class='ocrx_word' id='word_1_188' title='bbox 430 2864 572 2946; x_wconf 90' lang='lat' dir='ltr'>prestitis</span> <span class='ocrx_word' id='word_1_189' title='bbox 596 2862 682 2924; x_wconf 91' lang='lat' dir='ltr'>idem</span> <span class='ocrx_word' id='word_1_190' title='bbox 706 2861 788 2922; x_wconf 94' lang='lat' dir='ltr'>dnus</span> <span class='ocrx_word' id='word_1_191' title='bbox 813 2861 990 2924; x_wconf 88' lang='lat' dir='ltr'>Stanislaus</span> <span class='ocrx_word' id='word_1_192' title='bbox 1014 2860 1105 2942; x_wconf 88' lang='lat' dir='ltr'>Epus</span> <span class='ocrx_word' id='word_1_193' title='bbox 1121 2882 1159 2923; x_wconf 90' lang='lat' dir='ltr'>ac</span> <span class='ocrx_word' id='word_1_194' title='bbox 1177 2863 1253 2924; x_wconf 92' lang='lat' dir='ltr'>dicti</span> <span class='ocrx_word' id='word_1_195' title='bbox 1270 2863 1324 2923; x_wconf 94' lang='lat' dir='ltr'>dni</span> <span class='ocrx_word' id='word_1_196' title='bbox 1348 2861 1463 2942; x_wconf 89' lang='lat' dir='ltr'>prelati</span> <span class='ocrx_word' id='word_1_197' title='bbox 1480 2873 1677 2925; x_wconf 90' lang='lat' dir='ltr'>memoratos</span> <span class='ocrx_word' id='word_1_198' title='bbox 1702 2864 1785 2925; x_wconf 91' lang='lat' dir='ltr'>dnos</span> <span class='ocrx_word' id='word_1_199' title='bbox 1804 2861 1984 2942; x_wconf 87' lang='lat' dir='ltr'>Johannem</span> 
     </span>
     <span class='ocr_line' id='line_1_22' title="bbox 429 2967 1530 3050; baseline -0.005 -15"><span class='ocrx_word' id='word_1_200' title='bbox 429 2972 581 3035; x_wconf 90' lang='lat' dir='ltr'>vicarium</span> <span class='ocrx_word' id='word_1_201' title='bbox 605 2979 638 3030; x_wconf 90' lang='lat' dir='ltr'>et</span> <span class='ocrx_word' id='word_1_202' title='bbox 662 2967 864 3031; x_wconf 86' lang='lat' dir='ltr'>Clementem</span> <span class='ocrx_word' id='word_1_203' title='bbox 890 2967 1059 3030; x_wconf 87' lang='lat' dir='ltr'>officialem</span> <span class='ocrx_word' id='word_1_204' title='bbox 1084 2988 1144 3049; x_wconf 93' lang='lat' dir='ltr'>pro</span> <span class='ocrx_word' id='word_1_205' title='bbox 1168 2971 1315 3050; x_wconf 84' lang='lat' dir='ltr'>purgatis</span> <span class='ocrx_word' id='word_1_206' title='bbox 1339 2967 1530 3032; x_wconf 87' lang='lat' dir='ltr'>habuerunt.</span> 
     </span>
    </p>
   </div>
   <div class='ocr_carea' id='block_1_6' title="bbox 388 3079 1982 3597">
    <p class='ocr_par' dir='ltr' id='par_1_6' title="bbox 388 3079 1982 3597">
     <span class='ocr_line' id='line_1_23' title="bbox 539 3079 1980 3164; baseline -0.003 -14"><span class='ocrx_word' id='word_1_207' title='bbox 539 3079 622 3150; x_wconf 83' lang='grc'><strong>127.</strong></span> <span class='ocrx_word' id='word_1_208' title='bbox 659 3083 758 3164; x_wconf 84' lang='lat' dir='ltr'>(Ibid.)</span> <span class='ocrx_word' id='word_1_209' title='bbox 794 3083 874 3145; x_wconf 90' lang='lat' dir='ltr'>Item</span> <span class='ocrx_word' id='word_1_210' title='bbox 914 3083 1033 3144; x_wconf 90' lang='lat' dir='ltr'>ibidem</span> <span class='ocrx_word' id='word_1_211' title='bbox 1073 3083 1177 3146; x_wconf 89' lang='lat' dir='ltr'>dictus</span> <span class='ocrx_word' id='word_1_212' title='bbox 1207 3083 1311 3146; x_wconf 90' lang='lat' dir='ltr'>Rmus</span> <span class='ocrx_word' id='word_1_213' title='bbox 1351 3095 1443 3163; x_wconf 91' lang='lat' dir='ltr'>pater</span> <span class='ocrx_word' id='word_1_214' title='bbox 1482 3086 1563 3147; x_wconf 89' lang='lat' dir='ltr'>dnus</span> <span class='ocrx_word' id='word_1_215' title='bbox 1602 3084 1781 3148; x_wconf 88' lang='lat' dir='ltr'>Stanislaus</span> <span class='ocrx_word' id='word_1_216' title='bbox 1817 3084 1908 3164; x_wconf 86' lang='lat' dir='ltr'>Epus</span> <span class='ocrx_word' id='word_1_217' title='bbox 1943 3106 1980 3146; x_wconf 90' lang='lat' dir='ltr'>ac</span> 
     </span>
     <span class='ocr_line' id='line_1_24' title="bbox 388 3190 1981 3272; baseline -0.004 -15"><span class='ocrx_word' id='word_1_218' title='bbox 388 3252 393 3262; x_wconf 91' lang='grc'>,</span> <span class='ocrx_word' id='word_1_219' title='bbox 427 3195 502 3257; x_wconf 86' lang='lat' dir='ltr'>dicti</span> <span class='ocrx_word' id='word_1_220' title='bbox 527 3191 581 3254; x_wconf 89' lang='lat' dir='ltr'>dni</span> <span class='ocrx_word' id='word_1_221' title='bbox 605 3191 718 3272; x_wconf 90' lang='lat' dir='ltr'>prelati</span> <span class='ocrx_word' id='word_1_222' title='bbox 743 3201 775 3253; x_wconf 91' lang='lat' dir='ltr'>et</span> <span class='ocrx_word' id='word_1_223' title='bbox 799 3191 944 3252; x_wconf 91' lang='lat' dir='ltr'>canonici</span> <span class='ocrx_word' id='word_1_224' title='bbox 971 3190 1134 3272; x_wconf 77' lang='lat' dir='ltr'>nolenteS,</span> <span class='ocrx_word' id='word_1_225' title='bbox 1159 3191 1248 3272; x_wconf 94' lang='lat' dir='ltr'>quod</span> <span class='ocrx_word' id='word_1_226' title='bbox 1271 3191 1364 3252; x_wconf 91' lang='lat' dir='ltr'>alicui</span> <span class='ocrx_word' id='word_1_227' title='bbox 1388 3193 1516 3253; x_wconf 88' lang='lat' dir='ltr'>occasio</span> <span class='ocrx_word' id='word_1_228' title='bbox 1541 3193 1572 3253; x_wconf 92' lang='lat' dir='ltr'>in</span> <span class='ocrx_word' id='word_1_229' title='bbox 1597 3192 1751 3254; x_wconf 90' lang='lat' dir='ltr'>similibus</span> <span class='ocrx_word' id='word_1_230' title='bbox 1775 3191 1981 3272; x_wconf 88' lang='lat' dir='ltr'>delinquendi</span> 
     </span>
     <span class='ocr_line' id='line_1_25' title="bbox 427 3297 1982 3379; baseline -0.004 -15"><span class='ocrx_word' id='word_1_231' title='bbox 427 3303 467 3364; x_wconf 90' lang='lat' dir='ltr'>de</span> <span class='ocrx_word' id='word_1_232' title='bbox 491 3313 600 3364; x_wconf 89' lang='lat' dir='ltr'>cetero</span> <span class='ocrx_word' id='word_1_233' title='bbox 625 3298 805 3379; x_wconf 88' lang='lat' dir='ltr'>prebeatur,</span> <span class='ocrx_word' id='word_1_234' title='bbox 825 3306 994 3370; x_wconf 63' lang='lat' dir='ltr'>,statuta</span> <span class='ocrx_word' id='word_1_235' title='bbox 1017 3297 1308 3378; x_wconf 90' lang='lat' dir='ltr'>provincialia</span> <span class='ocrx_word' id='word_1_236' title='bbox 1332 3305 1445 3358; x_wconf 89' lang='lat' dir='ltr'>contra</span> <span class='ocrx_word' id='word_1_237' title='bbox 1462 3297 1687 3360; x_wconf 91' lang='lat' dir='ltr'>honorabilem</span> <span class='ocrx_word' id='word_1_238' title='bbox 1711 3298 1809 3360; x_wconf 92' lang='lat' dir='ltr'>dnum</span> <span class='ocrx_word' id='word_1_239' title='bbox 1826 3297 1982 3359; x_wconf 89' lang='lat' dir='ltr'>Mathiam</span> 
     </span>
     <span class='ocr_line' id='line_1_26' title="bbox 427 3403 1979 3488; baseline -0.004 -17"><span class='ocrx_word' id='word_1_240' title='bbox 427 3410 467 3471; x_wconf 92' lang='lat' dir='ltr'>de</span> <span class='ocrx_word' id='word_1_241' title='bbox 491 3407 672 3488; x_wconf 88' lang='lat' dir='ltr'>Chlapowo</span> <span class='ocrx_word' id='word_1_242' title='bbox 696 3405 886 3466; x_wconf 85' lang='lat' dir='ltr'>canonicum</span> <span class='ocrx_word' id='word_1_243' title='bbox 912 3403 1050 3466; x_wconf 88' lang='lat' dir='ltr'>Poznan.</span> <span class='ocrx_word' id='word_1_244' title='bbox 1075 3404 1116 3467; x_wconf 91' lang='lat' dir='ltr'>ad</span> <span class='ocrx_word' id='word_1_245' title='bbox 1140 3405 1330 3483; x_wconf 86' lang='lat' dir='ltr'>instanciam</span> <span class='ocrx_word' id='word_1_246' title='bbox 1354 3406 1468 3468; x_wconf 92' lang='lat' dir='ltr'>honor.</span> <span class='ocrx_word' id='word_1_247' title='bbox 1487 3406 1624 3467; x_wconf 90' lang='lat' dir='ltr'>dnorum</span> <span class='ocrx_word' id='word_1_248' title='bbox 1645 3404 1801 3483; x_wconf 88' lang='lat' dir='ltr'>Johannis</span> <span class='ocrx_word' id='word_1_249' title='bbox 1824 3405 1931 3467; x_wconf 87' lang='lat' dir='ltr'>vicarii</span> <span class='ocrx_word' id='word_1_250' title='bbox 1948 3406 1979 3465; x_wconf 92' lang='lat' dir='ltr'>in</span> 
     </span>
     <span class='ocr_line' id='line_1_27' title="bbox 426 3509 1609 3597; baseline -0.003 -19"><span class='ocrx_word' id='word_1_251' title='bbox 426 3513 652 3597; x_wconf 90' lang='lat' dir='ltr'>Spiritualibus</span> <span class='ocrx_word' id='word_1_252' title='bbox 676 3531 786 3594; x_wconf 84' lang='lat' dir='ltr'>gener.</span> <span class='ocrx_word' id='word_1_253' title='bbox 811 3522 844 3573; x_wconf 92' lang='lat' dir='ltr'>et</span> <span class='ocrx_word' id='word_1_254' title='bbox 868 3510 1046 3573; x_wconf 91' lang='lat' dir='ltr'>Clementis</span> <span class='ocrx_word' id='word_1_255' title='bbox 1070 3509 1213 3575; x_wconf 87' lang='lat' dir='ltr'>officialis</span> <span class='ocrx_word' id='word_1_256' title='bbox 1237 3511 1331 3574; x_wconf 91' lang='lat' dir='ltr'>Pozn.</span> <span class='ocrx_word' id='word_1_257' title='bbox 1356 3513 1609 3575; x_wconf 88' lang='lat' dir='ltr'>declaraverunt.</span> 
     </span>
    </p>
   </div>
   <div class='ocr_carea' id='block_1_7' title="bbox 332 3626 1982 5637">
    <p class='ocr_par' dir='ltr' id='par_1_7' title="bbox 380 3626 1982 4354">
     <span class='ocr_line' id='line_1_28' title="bbox 539 3626 1982 3708; baseline -0.004 -13"><span class='ocrx_word' id='word_1_258' title='bbox 539 3626 621 3694; x_wconf 83' lang='lat'>128.</span> <span class='ocrx_word' id='word_1_259' title='bbox 646 3627 677 3708; x_wconf 84' lang='lat' dir='ltr'>(I.</span> <span class='ocrx_word' id='word_1_260' title='bbox 708 3627 819 3708; x_wconf 78' lang='lat' dir='ltr'>tta-⁸⁰).</span> <span class='ocrx_word' id='word_1_261' title='bbox 859 3626 940 3689; x_wconf 88' lang='lat' dir='ltr'>Item</span> <span class='ocrx_word' id='word_1_262' title='bbox 965 3626 1083 3690; x_wconf 94' lang='lat' dir='ltr'>ibidem</span> <span class='ocrx_word' id='word_1_263' title='bbox 1108 3629 1276 3689; x_wconf 91' lang='lat' dir='ltr'>memorati</span> <span class='ocrx_word' id='word_1_264' title='bbox 1308 3628 1362 3690; x_wconf 92' lang='lat' dir='ltr'>dni</span> <span class='ocrx_word' id='word_1_265' title='bbox 1387 3627 1550 3708; x_wconf 88' lang='lat' dir='ltr'>Johannes</span> <span class='ocrx_word' id='word_1_266' title='bbox 1575 3628 1615 3689; x_wconf 91' lang='lat' dir='ltr'>de</span> <span class='ocrx_word' id='word_1_267' title='bbox 1639 3627 1822 3690; x_wconf 87' lang='lat' dir='ltr'>Drzewicza</span> <span class='ocrx_word' id='word_1_268' title='bbox 1846 3627 1982 3689; x_wconf 90' lang='lat' dir='ltr'>vicarius</span> 
     </span>
     <span class='ocr_line' id='line_1_29' title="bbox 426 3732 1980 3818; baseline -0.004 -18"><span class='ocrx_word' id='word_1_269' title='bbox 426 3739 458 3800; x_wconf 92' lang='lat' dir='ltr'>in</span> <span class='ocrx_word' id='word_1_270' title='bbox 482 3735 708 3818; x_wconf 89' lang='lat' dir='ltr'>Spiritualibus</span> <span class='ocrx_word' id='word_1_271' title='bbox 732 3745 764 3796; x_wconf 93' lang='lat' dir='ltr'>et</span> <span class='ocrx_word' id='word_1_272' title='bbox 789 3733 941 3796; x_wconf 89' lang='lat' dir='ltr'>Clemens</span> <span class='ocrx_word' id='word_1_273' title='bbox 964 3732 1108 3795; x_wconf 86' lang='lat' dir='ltr'>officialis</span> <span class='ocrx_word' id='word_1_274' title='bbox 1132 3733 1270 3795; x_wconf 90' lang='lat' dir='ltr'>Poznan.</span> <span class='ocrx_word' id='word_1_275' title='bbox 1295 3735 1326 3796; x_wconf 91' lang='lat' dir='ltr'>in</span> <span class='ocrx_word' id='word_1_276' title='bbox 1350 3735 1470 3796; x_wconf 91' lang='lat' dir='ltr'>Rmum</span> <span class='ocrx_word' id='word_1_277' title='bbox 1485 3783 1514 3796; x_wconf 92' lang='lat'>..</span> <span class='ocrx_word' id='word_1_278' title='bbox 1539 3734 1637 3795; x_wconf 92' lang='lat' dir='ltr'>dnum</span> <span class='ocrx_word' id='word_1_279' title='bbox 1655 3732 1849 3795; x_wconf 88' lang='lat' dir='ltr'>Stanislaum</span> <span class='ocrx_word' id='word_1_280' title='bbox 1873 3732 1980 3813; x_wconf 87' lang='lat' dir='ltr'>Epum</span> 
     </span>
     <span class='ocr_line' id='line_1_30' title="bbox 424 3838 1981 3924; baseline -0.004 -18"><span class='ocrx_word' id='word_1_281' title='bbox 424 3865 462 3906; x_wconf 91' lang='lat' dir='ltr'>ac</span> <span class='ocrx_word' id='word_1_282' title='bbox 484 3843 683 3924; x_wconf 89' lang='lat' dir='ltr'>prescriptos</span> <span class='ocrx_word' id='word_1_283' title='bbox 707 3843 789 3903; x_wconf 89' lang='lat' dir='ltr'>dnos</span> <span class='ocrx_word' id='word_1_284' title='bbox 814 3841 958 3921; x_wconf 89' lang='lat' dir='ltr'>prelatos</span> <span class='ocrx_word' id='word_1_285' title='bbox 982 3851 1014 3902; x_wconf 91' lang='lat' dir='ltr'>et</span> <span class='ocrx_word' id='word_1_286' title='bbox 1038 3842 1213 3902; x_wconf 89' lang='lat' dir='ltr'>canonicos</span> <span class='ocrx_word' id='word_1_287' title='bbox 1245 3861 1317 3903; x_wconf 91' lang='lat' dir='ltr'>cum</span> <span class='ocrx_word' id='word_1_288' title='bbox 1349 3841 1463 3903; x_wconf 92' lang='lat' dir='ltr'>honor.</span> <span class='ocrx_word' id='word_1_289' title='bbox 1496 3843 1565 3903; x_wconf 92' lang='lat' dir='ltr'>viro</span> <span class='ocrx_word' id='word_1_290' title='bbox 1590 3841 1655 3902; x_wconf 92' lang='lat' dir='ltr'>dno</span> <span class='ocrx_word' id='word_1_291' title='bbox 1679 3839 1802 3902; x_wconf 90' lang='lat' dir='ltr'>Mathia</span> <span class='ocrx_word' id='word_1_292' title='bbox 1826 3839 1866 3901; x_wconf 93' lang='lat' dir='ltr'>de</span> <span class='ocrx_word' id='word_1_293' title='bbox 1891 3838 1981 3901; x_wconf 90' lang='lat' dir='ltr'>Chla-</span> 
     </span>
     <span class='ocr_line' id='line_1_31' title="bbox 425 3945 1980 4033; baseline -0.005 -19"><span class='ocrx_word' id='word_1_294' title='bbox 425 3972 522 4033; x_wconf 79' lang='lat' dir='ltr'>povvo</span> <span class='ocrx_word' id='word_1_295' title='bbox 546 3949 702 4011; x_wconf 88' lang='lat' dir='ltr'>canonico</span> <span class='ocrx_word' id='word_1_296' title='bbox 727 3947 767 4009; x_wconf 94' lang='lat' dir='ltr'>de</span> <span class='ocrx_word' id='word_1_297' title='bbox 791 3958 824 4010; x_wconf 92' lang='lat' dir='ltr'>et</span> <span class='ocrx_word' id='word_1_298' title='bbox 847 3968 944 4028; x_wconf 91' lang='lat' dir='ltr'>super</span> <span class='ocrx_word' id='word_1_299' title='bbox 968 3947 1193 4028; x_wconf 89' lang='lat' dir='ltr'>questionibus</span> <span class='ocrx_word' id='word_1_300' title='bbox 1218 3947 1375 4010; x_wconf 91' lang='lat' dir='ltr'>iniuriosis</span> <span class='ocrx_word' id='word_1_301' title='bbox 1398 3949 1561 4010; x_wconf 91' lang='lat' dir='ltr'>intereos</span> <span class='ocrx_word' id='word_1_302' title='bbox 1585 3945 1833 4028; x_wconf 89' lang='lat' dir='ltr'>quomodolibet</span> <span class='ocrx_word' id='word_1_303' title='bbox 1857 3946 1980 4007; x_wconf 79' lang='lat' dir='ltr'>exortIs</span> 
     </span>
     <span class='ocr_line' id='line_1_32' title="bbox 380 4052 1982 4136; baseline -0.004 -16"><span class='ocrx_word' id='word_1_304' title='bbox 380 4097 382 4102; x_wconf 68' lang='lat'>,</span> <span class='ocrx_word' id='word_1_305' title='bbox 425 4060 465 4120; x_wconf 93' lang='lat' dir='ltr'>de</span> <span class='ocrx_word' id='word_1_306' title='bbox 489 4059 556 4121; x_wconf 92' lang='lat' dir='ltr'>alto</span> <span class='ocrx_word' id='word_1_307' title='bbox 581 4066 613 4118; x_wconf 90' lang='lat' dir='ltr'>et</span> <span class='ocrx_word' id='word_1_308' title='bbox 642 4055 741 4118; x_wconf 90' lang='lat' dir='ltr'>basso</span> <span class='ocrx_word' id='word_1_309' title='bbox 770 4055 1064 4134; x_wconf 90' lang='lat' dir='ltr'>compromiserunt</span> <span class='ocrx_word' id='word_1_310' title='bbox 1096 4064 1128 4117; x_wconf 91' lang='lat' dir='ltr'>et</span> <span class='ocrx_word' id='word_1_311' title='bbox 1160 4056 1190 4114; x_wconf 93' lang='lat' dir='ltr'>in</span> <span class='ocrx_word' id='word_1_312' title='bbox 1224 4075 1281 4116; x_wconf 92' lang='lat' dir='ltr'>eos</span> <span class='ocrx_word' id='word_1_313' title='bbox 1313 4053 1493 4136; x_wconf 90' lang='lat' dir='ltr'>sollempne</span> <span class='ocrx_word' id='word_1_314' title='bbox 1526 4055 1670 4116; x_wconf 90' lang='lat' dir='ltr'>lecerunt</span> <span class='ocrx_word' id='word_1_315' title='bbox 1701 4052 1982 4134; x_wconf 89' lang='lat' dir='ltr'>compromissum,</span> 
     </span>
     <span class='ocr_line' id='line_1_33' title="bbox 423 4161 1978 4246; baseline -0.004 -19"><span class='ocrx_word' id='word_1_316' title='bbox 423 4186 488 4246; x_wconf 91' lang='lat' dir='ltr'>quo</span> <span class='ocrx_word' id='word_1_317' title='bbox 513 4163 749 4244; x_wconf 89' lang='lat' dir='ltr'>compromisso</span> <span class='ocrx_word' id='word_1_318' title='bbox 781 4171 915 4242; x_wconf 91' lang='lat' dir='ltr'>recepto</span> <span class='ocrx_word' id='word_1_319' title='bbox 947 4162 1144 4223; x_wconf 87' lang='lat' dir='ltr'>sentenciam</span> <span class='ocrx_word' id='word_1_320' title='bbox 1177 4161 1362 4224; x_wconf 87' lang='lat' dir='ltr'>arbitralem</span> <span class='ocrx_word' id='word_1_321' title='bbox 1395 4163 1477 4224; x_wconf 90' lang='lat' dir='ltr'>inter</span> <span class='ocrx_word' id='word_1_322' title='bbox 1505 4162 1592 4242; x_wconf 90' lang='lat' dir='ltr'>ipsas</span> <span class='ocrx_word' id='word_1_323' title='bbox 1617 4171 1727 4242; x_wconf 92' lang='lat' dir='ltr'>partes</span> <span class='ocrx_word' id='word_1_324' title='bbox 1751 4161 1978 4242; x_wconf 90' lang='lat' dir='ltr'>pronunciave-</span> 
     </span>
     <span class='ocr_line' id='line_1_34' title="bbox 419 4269 778 4354; baseline -0.008 -19"><span class='ocrx_word' id='word_1_325' title='bbox 419 4282 496 4354; x_wconf 84' lang='lat' dir='ltr'>runt</span> <span class='ocrx_word' id='word_1_326' title='bbox 519 4273 551 4333; x_wconf 93' lang='lat' dir='ltr'>in</span> <span class='ocrx_word' id='word_1_327' title='bbox 575 4270 635 4332; x_wconf 93' lang='lat' dir='ltr'>hec</span> <span class='ocrx_word' id='word_1_328' title='bbox 658 4269 778 4332; x_wconf 88' lang='lat' dir='ltr'>verbo:</span> 
     </span>
    </p>

    <p class='ocr_par' dir='ltr' id='par_1_8' title="bbox 332 4373 1980 5637">
     <span class='ocr_line' id='line_1_35' title="bbox 529 4373 1979 4458; baseline -0.003 -18"><span class='ocrx_word' id='word_1_329' title='bbox 529 4377 588 4440; x_wconf 88' lang='lat' dir='ltr'>Per</span> <span class='ocrx_word' id='word_1_330' title='bbox 611 4375 695 4439; x_wconf 89' lang='lat' dir='ltr'>hanc</span> <span class='ocrx_word' id='word_1_331' title='bbox 719 4385 864 4439; x_wconf 89' lang='lat' dir='ltr'>nostram</span> <span class='ocrx_word' id='word_1_332' title='bbox 889 4377 1088 4438; x_wconf 90' lang='lat' dir='ltr'>sentenciam</span> <span class='ocrx_word' id='word_1_333' title='bbox 1112 4374 1314 4448; x_wconf 87' lang='lat' dir='ltr'>arbitralem,</span> <span class='ocrx_word' id='word_1_334' title='bbox 1348 4395 1444 4456; x_wconf 90' lang='lat' dir='ltr'>quam</span> <span class='ocrx_word' id='word_1_335' title='bbox 1469 4374 1598 4438; x_wconf 89' lang='lat' dir='ltr'>ferimus</span> <span class='ocrx_word' id='word_1_336' title='bbox 1622 4375 1653 4436; x_wconf 92' lang='lat' dir='ltr'>in</span> <span class='ocrx_word' id='word_1_337' title='bbox 1677 4373 1737 4437; x_wconf 90' lang='lat' dir='ltr'>hiis</span> <span class='ocrx_word' id='word_1_338' title='bbox 1760 4375 1888 4456; x_wconf 89' lang='lat' dir='ltr'>scriptis</span> <span class='ocrx_word' id='word_1_339' title='bbox 1911 4392 1979 4458; x_wconf 93' lang='lat' dir='ltr'>pro·</span> 
     </span>
     <span class='ocr_line' id='line_1_36' title="bbox 422 4474 1980 4564; baseline -0.005 -16"><span class='ocrx_word' id='word_1_340' title='bbox 422 4487 626 4558; x_wconf 91' lang='lat' dir='ltr'>nunciamus,</span> <span class='ocrx_word' id='word_1_341' title='bbox 651 4485 802 4564; x_wconf 80' lang='lat' dir='ltr'>dicimuS,</span> <span class='ocrx_word' id='word_1_342' title='bbox 834 4483 1036 4546; x_wconf 88' lang='lat' dir='ltr'>decernimus</span> <span class='ocrx_word' id='word_1_343' title='bbox 1060 4493 1093 4544; x_wconf 93' lang='lat' dir='ltr'>et</span> <span class='ocrx_word' id='word_1_344' title='bbox 1117 4482 1317 4544; x_wconf 88' lang='lat' dir='ltr'>declaramus</span> <span class='ocrx_word' id='word_1_345' title='bbox 1341 4501 1449 4544; x_wconf 84' lang='lat' dir='ltr'>veram</span> <span class='ocrx_word' id='word_1_346' title='bbox 1474 4481 1646 4544; x_wconf 89' lang='lat' dir='ltr'>fraternam</span> <span class='ocrx_word' id='word_1_347' title='bbox 1679 4491 1712 4544; x_wconf 91' lang='lat' dir='ltr'>et</span> <span class='ocrx_word' id='word_1_348' title='bbox 1735 4491 1878 4544; x_wconf 91' lang='lat' dir='ltr'>mutuam</span> <span class='ocrx_word' id='word_1_349' title='bbox 1902 4474 1980 4541; x_wconf 84' lang='lat' dir='ltr'>c&#39;ari-</span> 
     </span>
     <span class='ocr_line' id='line_1_37' title="bbox 420 4587 1978 4670; baseline -0.006 -13"><span class='ocrx_word' id='word_1_350' title='bbox 420 4606 522 4657; x_wconf 86' lang='lat' dir='ltr'>tatem</span> <span class='ocrx_word' id='word_1_351' title='bbox 546 4593 628 4654; x_wconf 88' lang='lat' dir='ltr'>inter</span> <span class='ocrx_word' id='word_1_352' title='bbox 652 4591 735 4653; x_wconf 91' lang='lat' dir='ltr'>dnos</span> <span class='ocrx_word' id='word_1_353' title='bbox 756 4591 934 4670; x_wconf 88' lang='lat' dir='ltr'>Johannem</span> <span class='ocrx_word' id='word_1_354' title='bbox 959 4600 992 4653; x_wconf 93' lang='lat' dir='ltr'>et</span> <span class='ocrx_word' id='word_1_355' title='bbox 1016 4589 1234 4660; x_wconf 89' lang='lat' dir='ltr'>Clementem,</span> <span class='ocrx_word' id='word_1_356' title='bbox 1259 4609 1301 4650; x_wconf 87' lang='lat' dir='ltr'>ex</span> <span class='ocrx_word' id='word_1_357' title='bbox 1325 4609 1395 4662; x_wconf 91' lang='lat' dir='ltr'>una,</span> <span class='ocrx_word' id='word_1_358' title='bbox 1420 4599 1452 4651; x_wconf 91' lang='lat' dir='ltr'>et</span> <span class='ocrx_word' id='word_1_359' title='bbox 1476 4589 1631 4650; x_wconf 90' lang='lat' dir='ltr'>Mathiam</span> <span class='ocrx_word' id='word_1_360' title='bbox 1657 4589 1697 4650; x_wconf 93' lang='lat' dir='ltr'>de</span> <span class='ocrx_word' id='word_1_361' title='bbox 1721 4587 1901 4668; x_wconf 87' lang='lat' dir='ltr'>Chlapowo</span> <span class='ocrx_word' id='word_1_362' title='bbox 1925 4587 1978 4648; x_wconf 94' lang='lat' dir='ltr'>ob-</span> 
     </span>
     <span class='ocr_line' id='line_1_38' title="bbox 420 4694 1978 4776; baseline -0.005 -12"><span class='ocrx_word' id='word_1_363' title='bbox 420 4699 611 4764; x_wconf 90' lang='lat' dir='ltr'>servandam</span> <span class='ocrx_word' id='word_1_364' title='bbox 636 4709 669 4760; x_wconf 92' lang='lat' dir='ltr'>ct</span> <span class='ocrx_word' id='word_1_365' title='bbox 693 4698 858 4760; x_wconf 90' lang='lat' dir='ltr'>observari</span> <span class='ocrx_word' id='word_1_366' title='bbox 882 4697 1009 4760; x_wconf 91' lang='lat' dir='ltr'>debere.</span> <span class='ocrx_word' id='word_1_367' title='bbox 1042 4697 1125 4760; x_wconf 88' lang='lat' dir='ltr'>Item</span> <span class='ocrx_word' id='word_1_368' title='bbox 1149 4717 1208 4776; x_wconf 91' lang='lat' dir='ltr'>per</span> <span class='ocrx_word' id='word_1_369' title='bbox 1232 4697 1368 4758; x_wconf 90' lang='lat' dir='ltr'>eandem</span> <span class='ocrx_word' id='word_1_370' title='bbox 1393 4707 1537 4759; x_wconf 90' lang='lat' dir='ltr'>nostram</span> <span class='ocrx_word' id='word_1_371' title='bbox 1555 4695 1752 4758; x_wconf 88' lang='lat' dir='ltr'>sentenciam</span> <span class='ocrx_word' id='word_1_372' title='bbox 1776 4694 1978 4757; x_wconf 88' lang='lat' dir='ltr'>annullamus</span> 
     </span>
     <span class='ocr_line' id='line_1_39' title="bbox 419 4799 1977 4884; baseline -0.005 -13"><span class='ocrx_word' id='word_1_373' title='bbox 419 4809 594 4880; x_wconf 87' lang='lat' dir='ltr'>irritamus,</span> <span class='ocrx_word' id='word_1_374' title='bbox 630 4825 794 4868; x_wconf 90' lang='lat' dir='ltr'>cassamus</span> <span class='ocrx_word' id='word_1_375' title='bbox 819 4815 851 4877; x_wconf 87' lang='lat' dir='ltr'>et</span> <span class='ocrx_word' id='word_1_376' title='bbox 876 4803 1107 4866; x_wconf 88' lang='lat' dir='ltr'>mortificamus</span> <span class='ocrx_word' id='word_1_377' title='bbox 1132 4823 1247 4866; x_wconf 91' lang='lat' dir='ltr'>omnes</span> <span class='ocrx_word' id='word_1_378' title='bbox 1271 4813 1304 4865; x_wconf 90' lang='lat' dir='ltr'>et</span> <span class='ocrx_word' id='word_1_379' title='bbox 1328 4804 1471 4884; x_wconf 83' lang='lat' dir='ltr'>singulas</span> <span class='ocrx_word' id='word_1_380' title='bbox 1495 4803 1622 4864; x_wconf 88' lang='lat' dir='ltr'>iniurias</span> <span class='ocrx_word' id='word_1_381' title='bbox 1646 4801 1749 4866; x_wconf 85' lang='lat' dir='ltr'>reales</span> <span class='ocrx_word' id='word_1_382' title='bbox 1774 4812 1807 4865; x_wconf 90' lang='lat' dir='ltr'>et</span> <span class='ocrx_word' id='word_1_383' title='bbox 1829 4799 1977 4864; x_wconf 89' lang='lat' dir='ltr'>verbales</span> 
     </span>
     <span class='ocr_line' id='line_1_40' title="bbox 420 4909 1978 5002; baseline -0.004 -26"><span class='ocrx_word' id='word_1_384' title='bbox 420 4917 503 4977; x_wconf 90' lang='lat' dir='ltr'>inter</span> <span class='ocrx_word' id='word_1_385' title='bbox 527 4913 657 5002; x_wconf 88' lang='lat' dir='ltr'>easdem</span> <span class='ocrx_word' id='word_1_386' title='bbox 683 4923 792 4993; x_wconf 89' lang='lat' dir='ltr'>partes</span> <span class='ocrx_word' id='word_1_387' title='bbox 822 4932 924 4992; x_wconf 90' lang='lat' dir='ltr'>nuper</span> <span class='ocrx_word' id='word_1_388' title='bbox 948 4913 980 4972; x_wconf 93' lang='lat' dir='ltr'>in</span> <span class='ocrx_word' id='word_1_389' title='bbox 1004 4910 1147 4992; x_wconf 89' lang='lat' dir='ltr'>capitulo</span> <span class='ocrx_word' id='word_1_390' title='bbox 1171 4909 1423 4992; x_wconf 88' lang='lat' dir='ltr'>quomodolibet</span> <span class='ocrx_word' id='word_1_391' title='bbox 1454 4920 1487 4972; x_wconf 89' lang='lat' dir='ltr'>et</span> <span class='ocrx_word' id='word_1_392' title='bbox 1512 4910 1681 4990; x_wconf 90' lang='lat' dir='ltr'>presertim</span> <span class='ocrx_word' id='word_1_393' title='bbox 1705 4909 1877 4971; x_wconf 89' lang='lat' dir='ltr'>occasione</span> <span class='ocrx_word' id='word_1_394' title='bbox 1901 4927 1978 4989; x_wconf 93' lang='lat' dir='ltr'>quo-</span> 
     </span>
     <span class='ocr_line' id='line_1_41' title="bbox 418 5015 1977 5098; baseline -0.004 -15"><span class='ocrx_word' id='word_1_395' title='bbox 418 5021 552 5083; x_wconf 90' lang='lat' dir='ltr'>rundam</span> <span class='ocrx_word' id='word_1_396' title='bbox 577 5021 780 5082; x_wconf 88' lang='lat' dir='ltr'>obiectorum</span> <span class='ocrx_word' id='word_1_397' title='bbox 805 5018 845 5080; x_wconf 92' lang='lat' dir='ltr'>de</span> <span class='ocrx_word' id='word_1_398' title='bbox 869 5017 1048 5080; x_wconf 86' lang='lat' dir='ltr'>adulatoria</span> <span class='ocrx_word' id='word_1_399' title='bbox 1072 5029 1105 5080; x_wconf 91' lang='lat' dir='ltr'>et</span> <span class='ocrx_word' id='word_1_400' title='bbox 1122 5019 1307 5080; x_wconf 91' lang='lat' dir='ltr'>tradicionis</span> <span class='ocrx_word' id='word_1_401' title='bbox 1331 5027 1528 5081; x_wconf 88' lang='lat' dir='ltr'>secretorum</span> <span class='ocrx_word' id='word_1_402' title='bbox 1554 5016 1685 5098; x_wconf 89' lang='lat' dir='ltr'>capituli</span> <span class='ocrx_word' id='word_1_403' title='bbox 1702 5037 1745 5078; x_wconf 89' lang='lat' dir='ltr'>ex</span> <span class='ocrx_word' id='word_1_404' title='bbox 1760 5015 1853 5097; x_wconf 87' lang='lat' dir='ltr'>lapsu</span> <span class='ocrx_word' id='word_1_405' title='bbox 1869 5015 1977 5097; x_wconf 86' lang='lat' dir='ltr'>lingue</span> 
     </span>
     <span class='ocr_line' id='line_1_42' title="bbox 419 5119 1976 5206; baseline -0.006 -15"><span class='ocrx_word' id='word_1_406' title='bbox 419 5129 569 5191; x_wconf 89' lang='lat' dir='ltr'>subortas</span> <span class='ocrx_word' id='word_1_407' title='bbox 593 5137 626 5189; x_wconf 93' lang='lat' dir='ltr'>et</span> <span class='ocrx_word' id='word_1_408' title='bbox 651 5147 709 5206; x_wconf 91' lang='lat' dir='ltr'>per</span> <span class='ocrx_word' id='word_1_409' title='bbox 733 5125 870 5188; x_wconf 88' lang='lat' dir='ltr'>eundem</span> <span class='ocrx_word' id='word_1_410' title='bbox 894 5127 993 5187; x_wconf 92' lang='lat' dir='ltr'>dnum</span> <span class='ocrx_word' id='word_1_411' title='bbox 1017 5123 1174 5188; x_wconf 89' lang='lat' dir='ltr'>Mathiam</span> <span class='ocrx_word' id='word_1_412' title='bbox 1198 5125 1239 5186; x_wconf 92' lang='lat' dir='ltr'>de</span> <span class='ocrx_word' id='word_1_413' title='bbox 1257 5124 1438 5204; x_wconf 91' lang='lat' dir='ltr'>Chlapowo</span> <span class='ocrx_word' id='word_1_414' title='bbox 1462 5125 1584 5186; x_wconf 90' lang='lat' dir='ltr'>eisdem</span> <span class='ocrx_word' id='word_1_415' title='bbox 1601 5123 1672 5186; x_wconf 89' lang='lat' dir='ltr'>dnis</span> <span class='ocrx_word' id='word_1_416' title='bbox 1691 5123 1830 5204; x_wconf 88' lang='lat' dir='ltr'>Johanni</span> <span class='ocrx_word' id='word_1_417' title='bbox 1854 5132 1887 5185; x_wconf 93' lang='lat' dir='ltr'>et</span> <span class='ocrx_word' id='word_1_418' title='bbox 1907 5119 1976 5183; x_wconf 91' lang='lat' dir='ltr'>Cle-</span> 
     </span>
     <span class='ocr_line' id='line_1_43' title="bbox 418 5227 1974 5314; baseline -0.004 -17"><span class='ocrx_word' id='word_1_419' title='bbox 418 5236 518 5297; x_wconf 88' lang='lat' dir='ltr'>menti</span> <span class='ocrx_word' id='word_1_420' title='bbox 543 5235 696 5296; x_wconf 86' lang='lat' dir='ltr'>obiectas.</span> <span class='ocrx_word' id='word_1_421' title='bbox 722 5232 803 5296; x_wconf 88' lang='lat' dir='ltr'>Item</span> <span class='ocrx_word' id='word_1_422' title='bbox 827 5235 984 5314; x_wconf 90' lang='lat' dir='ltr'>premissa</span> <span class='ocrx_word' id='word_1_423' title='bbox 1008 5232 1154 5294; x_wconf 88' lang='lat' dir='ltr'>iubemus</span> <span class='ocrx_word' id='word_1_424' title='bbox 1178 5253 1237 5312; x_wconf 91' lang='lat' dir='ltr'>per</span> <span class='ocrx_word' id='word_1_425' title='bbox 1260 5243 1371 5312; x_wconf 89' lang='lat' dir='ltr'>partes</span> <span class='ocrx_word' id='word_1_426' title='bbox 1395 5230 1545 5293; x_wconf 91' lang='lat' dir='ltr'>hincinde</span> <span class='ocrx_word' id='word_1_427' title='bbox 1569 5230 1629 5293; x_wconf 93' lang='lat' dir='ltr'>sub</span> <span class='ocrx_word' id='word_1_428' title='bbox 1653 5231 1746 5311; x_wconf 91' lang='lat' dir='ltr'>penis</span> <span class='ocrx_word' id='word_1_429' title='bbox 1769 5228 1882 5293; x_wconf 93' lang='lat' dir='ltr'>CCCC</span> <span class='ocrx_word' id='word_1_430' title='bbox 1906 5227 1974 5290; x_wconf 88' lang='lat' dir='ltr'>flor.</span> 
     </span>
     <span class='ocr_line' id='line_1_44' title="bbox 332 5335 1975 5422; baseline -0.004 -19"><span class='ocrx_word' id='word_1_431' title='bbox 332 5403 335 5410; x_wconf 85' lang='grc'><em>,</em></span> <span class='ocrx_word' id='word_1_432' title='bbox 417 5341 483 5403; x_wconf 94' lang='lat' dir='ltr'>auri</span> <span class='ocrx_word' id='word_1_433' title='bbox 515 5341 694 5402; x_wconf 89' lang='lat' dir='ltr'>firmissime</span> <span class='ocrx_word' id='word_1_434' title='bbox 725 5341 906 5410; x_wconf 89' lang='lat' dir='ltr'>observari,</span> <span class='ocrx_word' id='word_1_435' title='bbox 942 5359 1077 5422; x_wconf 91' lang='lat' dir='ltr'>quarum</span> <span class='ocrx_word' id='word_1_436' title='bbox 1113 5359 1176 5400; x_wconf 90' lang='lat' dir='ltr'>una</span> <span class='ocrx_word' id='word_1_437' title='bbox 1208 5359 1283 5420; x_wconf 90' lang='lat' dir='ltr'>pars</span> <span class='ocrx_word' id='word_1_438' title='bbox 1316 5339 1400 5420; x_wconf 91' lang='lat' dir='ltr'>parti</span> <span class='ocrx_word' id='word_1_439' title='bbox 1432 5337 1567 5410; x_wconf 90' lang='lat' dir='ltr'>tenenti,</span> <span class='ocrx_word' id='word_1_440' title='bbox 1603 5336 1745 5399; x_wconf 91' lang='lat' dir='ltr'>secunda</span> <span class='ocrx_word' id='word_1_441' title='bbox 1772 5357 1832 5418; x_wconf 91' lang='lat' dir='ltr'>pro</span> <span class='ocrx_word' id='word_1_442' title='bbox 1855 5335 1975 5398; x_wconf 87' lang='lat' dir='ltr'>fabrica</span> 
     </span>
     <span class='ocr_line' id='line_1_45' title="bbox 419 5441 1974 5527; baseline -0.005 -17"><span class='ocrx_word' id='word_1_443' title='bbox 419 5447 553 5510; x_wconf 90' lang='lat' dir='ltr'>ecclesie</span> <span class='ocrx_word' id='word_1_444' title='bbox 576 5447 715 5510; x_wconf 87' lang='lat' dir='ltr'>Poznan.</span> <span class='ocrx_word' id='word_1_445' title='bbox 741 5457 774 5510; x_wconf 89' lang='lat' dir='ltr'>et</span> <span class='ocrx_word' id='word_1_446' title='bbox 797 5448 897 5510; x_wconf 91' lang='lat' dir='ltr'>tercia</span> <span class='ocrx_word' id='word_1_447' title='bbox 921 5467 980 5527; x_wconf 91' lang='lat' dir='ltr'>pro</span> <span class='ocrx_word' id='word_1_448' title='bbox 1005 5445 1100 5508; x_wconf 92' lang='lat' dir='ltr'>nobis</span> <span class='ocrx_word' id='word_1_449' title='bbox 1124 5467 1183 5526; x_wconf 90' lang='lat' dir='ltr'>per</span> <span class='ocrx_word' id='word_1_450' title='bbox 1206 5458 1332 5526; x_wconf 88' lang='lat' dir='ltr'>partem</span> <span class='ocrx_word' id='word_1_451' title='bbox 1359 5447 1658 5508; x_wconf 90' lang='lat' dir='ltr'>contravenientem</span> <span class='ocrx_word' id='word_1_452' title='bbox 1682 5443 1860 5508; x_wconf 89' lang='lat' dir='ltr'>debebitur.</span> <span class='ocrx_word' id='word_1_453' title='bbox 1892 5441 1974 5505; x_wconf 88' lang='lat' dir='ltr'>Item</span> 
     </span>
     <span class='ocr_line' id='line_1_46' title="bbox 417 5551 1971 5637; baseline -0.003 -21"><span class='ocrx_word' id='word_1_454' title='bbox 417 5555 557 5637; x_wconf 91' lang='lat' dir='ltr'>predicti</span> <span class='ocrx_word' id='word_1_455' title='bbox 580 5555 634 5616; x_wconf 93' lang='lat' dir='ltr'>dni</span> <span class='ocrx_word' id='word_1_456' title='bbox 652 5553 819 5635; x_wconf 78' lang='lat' dir='ltr'>lohannes</span> <span class='ocrx_word' id='word_1_457' title='bbox 842 5565 876 5616; x_wconf 89' lang='lat' dir='ltr'>et</span> <span class='ocrx_word' id='word_1_458' title='bbox 899 5552 1051 5616; x_wconf 90' lang='lat' dir='ltr'>Clemens</span> <span class='ocrx_word' id='word_1_459' title='bbox 1075 5553 1116 5615; x_wconf 90' lang='lat' dir='ltr'>ad</span> <span class='ocrx_word' id='word_1_460' title='bbox 1139 5554 1249 5616; x_wconf 89' lang='lat' dir='ltr'>statim</span> <span class='ocrx_word' id='word_1_461' title='bbox 1274 5553 1394 5614; x_wconf 90' lang='lat' dir='ltr'>debent</span> <span class='ocrx_word' id='word_1_462' title='bbox 1428 5553 1615 5616; x_wconf 88' lang='lat' dir='ltr'>renunciare</span> <span class='ocrx_word' id='word_1_463' title='bbox 1638 5551 1854 5632; x_wconf 86' lang='lat' dir='ltr'>appellacioni</span> <span class='ocrx_word' id='word_1_464' title='bbox 1878 5551 1971 5612; x_wconf 91' lang='lat' dir='ltr'>inter·</span> 
     </span>
    </p>
   </div>
   <div class='ocr_carea' id='block_1_8' title="bbox 0 0 2234 6356">
    <p class='ocr_par' dir='ltr' id='par_1_9' title="bbox 0 0 2234 6356">
     <span class='ocr_line' id='line_1_47' title="bbox 0 0 2234 6356; baseline 0 8"><span class='ocrx_word' id='word_1_465' title='bbox 0 0 2234 6356; x_wconf 95' lang='lat' dir='ltr'> </span> 
     </span>
    </p>
   </div>
  </div>
 </body>
</html>
