4416 6366
896 565 985 628 nuru
1005 573 1080 630 1464.

214 671 849 681 ...-.-....,,.-,.4......--......-..-..--
996 673 1144 678 -...-..-.-.-.
1169 665 1391 678 ------ι--.-.--
1423 673 1642 680 -.,.-..-.-.,..-..-

1667 676 1675 679 ,,
1696 589 1764 682 ,Ἥ

321 789 408 858 578.
434 793 539 874 (Ibid.)
563 793 645 856 Item
670 794 701 856 in
718 792 854 856 ecclesia
874 793 1083 855 Poznaniensi
1098 844 1125 856 ..
1150 793 1233 856 dnus
1249 793 1409 858 lohannes
1425 795 1562 858 Viscote
1578 795 1619 857 ad
1636 797 1765 877 requisi-

214 902 339 962 cionem
364 899 478 982 prefati
509 901 563 963 dni
591 900 678 963 Pauli
709 901 928 982 procuratoris
960 921 1002 960 ex
1035 902 1263 962 commissione
1294 902 1453 965 dictorum
1486 903 1624 964 dnorum
1655 923 1766 982 supra-

212 1011 405 1087 scriptorum
429 1009 561 1070 nomine
592 1007 706 1089 prefati
739 1008 793 1069 dni
824 1007 909 1070 Petri
940 1007 1115 1070 installavit
1146 1009 1284 1070 eundem
1315 1029 1497 1092 vocemque
1529 1021 1562 1073 et
1594 1009 1700 1072 locum
1732 1011 1764 1070 in

213 1114 355 1195 capitulo
379 1115 558 1196 assignavit
580 1126 614 1178 et
637 1117 669 1176 in
694 1117 935 1196 possessionem
959 1117 1085 1178 induxit
1111 1117 1201 1178 iuxta
1225 1117 1367 1196 priorem
1390 1117 1650 1198 assignacionem
1666 1163 1694 1178 ..

426 1325 470 1388 A.
500 1327 596 1405 1464,
621 1324 775 1390 Octobris
800 1343 854 1406 23,
879 1326 909 1388 in
933 1325 1086 1407 capitulo.

321 1463 408 1533 5'79.
434 1467 498 1547 (ΙΙΙ.
526 1467 591 1549 39⁰)
615 1468 676 1531 Die
696 1469 844 1530 Mercurii
869 1469 933 1530 XX
956 1471 1056 1531 tercia
1080 1489 1121 1532 m.
1147 1468 1301 1533 Octobris
1322 1469 1402 1532 hora
1418 1471 1588 1534 terciarum
1606 1471 1656 1534 vel
1674 1471 1766 1553 quasi

213 1577 244 1637 in
269 1576 344 1638 loco
367 1576 532 1657 capitulari
557 1576 692 1638 ecclesie
716 1575 943 1638 Poznaniensis
967 1579 1164 1639 constitutus
1188 1577 1403 1657 personaliter
1425 1578 1539 1640 honor.
1556 1579 1639 1641 dnus
1655 1577 1766 1640 Iohan-

215 1703 271 1746 nes
294 1683 336 1745 de
359 1681 535 1764 Gylowecz
559 1695 666 1745 rector
690 1684 825 1746 ecclesie
850 1683 1058 1764 parrochialis
1083 1685 1114 1744 in
1138 1684 1310 1765 Nyeparth
1333 1685 1472 1747 Poznan.
1498 1686 1580 1748 dioc.
1606 1696 1766 1766 protesta-

213 1791 305 1852 cione
333 1789 496 1871 solempni
519 1789 603 1852 iacta
638 1791 679 1852 de
711 1791 864 1852 absencia
896 1791 1035 1853 dnorum
1069 1792 1266 1872 prelatorum
1300 1805 1333 1855 et
1365 1794 1594 1855 canonicorum
1627 1791 1763 1855 ecclesie

213 1896 352 1959 Poznan.
383 1917 403 1959 a
427 1896 550 1978 prefata
575 1898 711 1960 ecclesia
734 1919 752 1958 a
776 1898 920 1980 pluribus
945 1899 1057 1960 diebus
1081 1909 1114 1961 et
1138 1900 1341 1980 temporibus
1366 1911 1501 1980 propter
1532 1899 1762 1979 pestilen-

213 2008 328 2067 ciam
363 2016 396 2068 et
430 2007 556 2068 aeris
581 2005 901 2068 inieccionem
932 2008 964 2068 in
1001 2007 1074 2068 loco
1109 2017 1141 2068 et
1177 2007 1308 2068 civitate
1330 2006 1470 2068 Poznan.
1504 2007 1678 2088 vigentem,
1702 2026 1762 2068 nec

213 2133 347 2192 sperans
371 2132 429 2174 eos
452 2112 483 2173 in
507 2114 658 2193 proximo
681 2134 877 2188 reversuros,
901 2115 995 2176 unico
1013 2115 1183 2176 dumtaxat
1199 2115 1265 2176 dno
1281 2113 1425 2176 Iohanne
1442 2113 1588 2176 Wiscote
1605 2117 1763 2176 canonico

213 2219 352 2282 Poznan.
378 2230 546 2300 presente,
571 2230 686 2283 tenens
714 2231 747 2283 et
771 2221 895 2283 habens
925 2222 991 2284 suis
1022 2224 1053 2282 in
1085 2222 1232 2284 manibus
1263 2221 1387 2283 litteras
1418 2222 1611 2301 provisionis
1634 2223 1710 2284 Rmi
1734 2221 1765 2284 in

214 2325 344 2390 Christo
368 2328 470 2408 patris
494 2327 549 2389 dni
573 2326 706 2389 Andree
730 2327 792 2408 Epi
816 2327 955 2390 Poznan.
980 2327 1048 2390 eius
1071 2349 1150 2391 vero
1174 2329 1281 2410 sigillo
1304 2328 1442 2390 rotunde
1474 2327 1576 2410 figure
1606 2330 1692 2392 intus
1723 2329 1763 2391 de

213 2433 308 2496 rubra
332 2434 374 2496 ab
398 2444 491 2497 extra
514 2455 592 2496 vero
617 2434 658 2496 de
674 2436 838 2497 communi
853 2438 934 2498 ceris
950 2437 981 2497 in
998 2436 1133 2516 pensula
1150 2435 1339 2517 purgameni
1356 2456 1453 2497 manu
1470 2445 1503 2499 et
1519 2437 1614 2517 signo
1631 2437 1765 2496 circum-

214 2541 318 2622 specti
342 2539 495 2604 Iohannis
518 2541 683 2604 Vincentii
717 2542 757 2604 de
789 2543 934 2604 Lucowo
969 2543 1075 2604 clerici
1110 2541 1232 2605 Gnezn.
1269 2543 1352 2604 dioc.
1385 2544 1578 2606 auctoritate
1609 2542 1766 2622 imperiali

213 2647 334 2728 publici
369 2650 485 2712 notarii
515 2649 724 2730 subappenso
759 2651 958 2730 subscriptas
993 2661 1026 2712 et
1059 2645 1268 2732 consignatas
1304 2650 1417 2712 honor.
1454 2650 1552 2712 dnum
1588 2647 1765 2710 Iohannem

213 2753 360 2818 Wiscote
383 2757 573 2818 canonicum
596 2757 733 2819 Poznan.
759 2768 835 2820 tunc
860 2757 986 2819 unicum
1011 2778 1112 2838 penes
1136 2756 1304 2819 ecclesiam
1323 2755 1461 2819 Poznan.
1480 2767 1673 2838 presentem,
1696 2755 1766 2818 aliis

214 2863 346 2942 prelatis
370 2873 403 2927 et
426 2865 589 2926 canonicis
617 2876 753 2945 propter
782 2885 936 2926 auram
969 2864 1256 2945 pestiferam
1289 2885 1308 2924 a
1339 2865 1425 2926 dicta
1456 2864 1592 2927 ecclesia
1624 2863 1765 2925 Poznan.

213 2969 403 3032 absentibus
426 2981 460 3033 et
483 2970 649 3052 dispersis
681 2981 717 3033 ut
740 2972 948 3053 premittitur,
973 2971 1087 3053 vigore
1117 2972 1274 3034 dictarum
1299 2971 1477 3034 litterarum
1501 2973 1562 3034 sibi
1586 2971 1670 3034 facte
1693 2991 1766 3052 pro·

213 3077 345 3140 visionis
369 3079 494 3140 monuit
518 3087 551 3140 et
574 3079 756 3159 requisivit,
788 3081 938 3160 quatinus
969 3077 1090 3140 dictum
1121 3078 1221 3140 dnum
1251 3078 1428 3140 Iohannem
1459 3079 1499 3142 de
1523 3077 1699 3159 Gylowecz
1723 3077 1764 3140 ad

214 3184 319 3246 dictos
342 3186 567 3247 canonicatum
592 3196 626 3247 et
649 3186 849 3265 prebendam
882 3187 913 3247 in
937 3185 1062 3266 prefata
1093 3186 1229 3247 ecclesia
1259 3185 1398 3248 Poznan.
1430 3206 1489 3266 per
1517 3196 1656 3249 mortem
1687 3185 1764 3246 olim

214 3291 269 3353 dni
292 3290 512 3354 Bartholomei
537 3291 578 3353 de
601 3291 854 3372 Dobyeschewo
880 3292 980 3355 ultimi
997 3303 1029 3354 et
1047 3293 1222 3355 immediati
1239 3293 1438 3372 possessoris
1453 3303 1608 3354 vacantes
1625 3293 1657 3354 in
1673 3312 1765 3354 cano·

214 3399 320 3460 nicum
344 3409 377 3460 et
401 3399 433 3460 in
456 3397 586 3461 fratrem
611 3403 768 3481 reciperet
793 3401 823 3460 in
848 3399 951 3461 forma
982 3401 1013 3461 in
1038 3401 1156 3462 talibus
1188 3400 1283 3462 solita
1315 3399 1381 3462 fieri
1412 3411 1445 3462 et
1476 3411 1642 3462 consueta.
1690 3397 1764 3479 Qui·

214 3506 343 3586 quidem
366 3506 450 3568 dnus
472 3505 633 3570 lohannes
657 3507 804 3569 Wiscote
820 3509 896 3570 visis
912 3506 1092 3570 huiusmodi
1113 3508 1227 3570 litteris
1244 3509 1444 3588 provisionis,
1468 3517 1601 3588 recepto
1618 3507 1765 3586 primitus

213 3631 232 3674 a
256 3612 382 3692 prelato
414 3613 480 3674 dno
506 3614 650 3676 Iohanne
682 3612 907 3695 Gyloweczky
938 3615 978 3676 de
1009 3615 1221 3676 observandis
1252 3616 1382 3678 statutis
1414 3625 1447 3677 et
1477 3613 1764 3676 consuetudinibus

213 3719 337 3801 prefate
360 3720 496 3784 ecclesie
519 3721 657 3783 Poznan.
682 3723 777 3784 tactis
809 3741 867 3802 per
899 3741 972 3783 eum
1004 3723 1103 3783 sacris
1133 3723 1299 3803 scripturis
1330 3722 1491 3802 corporali
1514 3723 1702 3794 iurament0,
1734 3722 1765 3782 in

213 3827 404 3888 canonicum
428 3837 461 3890 et
484 3829 515 3888 in
538 3828 669 3890 fratrem
693 3829 831 3908 recepit,
862 3828 991 3892 stallum
1020 3829 1051 3890 in
1084 3828 1192 3906 choro,
1224 3849 1339 3891 vocem
1367 3840 1400 3891 et
1424 3828 1529 3890 locum
1562 3829 1593 3890 in
1621 3828 1764 3909 capitulo

214 3935 522 4015 possessionemque
546 3935 705 3997 actualem
729 3947 763 3998 et
778 3936 898 3998 realem
915 3956 987 3998 cum
1006 3936 1203 4015 plenitudine
1221 3936 1296 3998 iuris
1313 3936 1459 3998 canonici
1475 3936 1535 3997 sibi
1551 3935 1765 4016 assignando;

214 4041 313 4104 solvit
336 4051 509 4114 statutum,
541 4063 680 4122 cappam
709 4043 815 4105 solvet
845 4043 887 4104 ad
916 4063 941 4105 s.
966 4043 1112 4120 Martini,
1144 4041 1348 4124 presentibus
1382 4041 1499 4104 ibidem
1532 4042 1597 4104 dno
1626 4041 1763 4104 Nicolao

214 4145 417 4222 Godzamba,
441 4147 587 4230 Symone
611 4150 651 4212 de
674 4149 798 4224 Iezora,
821 4149 965 4212 Iohanne
988 4149 1201 4231 Tluczymost
1217 4162 1250 4213 et
1266 4149 1365 4212 Paulo
1381 4149 1422 4212 de
1438 4148 1624 4211 Pleschewo
1640 4149 1765 4211 vicariis

213 4256 381 4336 perpetuis
404 4257 436 4318 in
463 4257 600 4320 ecclesia
622 4257 843 4319 Poznaniensi.

427 4468 471 4532 A.
501 4469 600 4550 1464,
623 4469 820 4532 NovembrIs
849 4485 903 4544 12,
927 4469 959 4530 in
982 4469 1135 4550 capitulo

323 4607 410 4676 580.
442 4611 503 4692 (III.
528 4613 623 4692 40)..
652 4610 688 4672 In
713 4610 786 4673 loco
810 4612 1014 4693 capitulari..
1038 4612 1093 4674 dni
1116 4611 1253 4675 Iacobus
1277 4611 1318 4676 de
1341 4611 1540 4696 Wigonowo
1564 4611 1764 4689 scolasticus

213 4717 374 4780 Iohannes
397 4717 549 4792 Viscote,
581 4718 742 4781 Iohannes
769 4719 1007 4800 Twardowsky
1031 4730 1064 4782 et
1087 4718 1240 4783 Andreas
1263 4719 1304 4782 de
1328 4720 1493 4802 Rogalino
1516 4721 1557 4783 ad
1580 4722 1765 4803 requisicio-

215 4845 289 4886 nem
317 4825 371 4886 dni
394 4825 546 4888 Iohannis
577 4825 619 4887 de
649 4823 825 4906 Gylowecz
856 4827 1002 4888 canonici
1030 4827 1168 4890 Poznan.
1201 4827 1439 4892 ratificaverunt
1469 4830 1693 4910 recepcionem
1724 4827 1765 4890 ad

213 4933 439 4994 canonicatum
463 4943 497 4996 et
519 4933 719 5013 prebendam
744 4935 775 4995 in
800 4933 935 4996 ecclesia
959 4933 1097 4996 Poznan.
1123 4956 1180 5015 per
1204 4946 1342 4998 mortem
1366 4936 1443 4998 olim
1467 4937 1522 4998 dni
1545 4936 1765 4999 Bartholomei

213 5039 255 5100 de
279 5038 532 5120 Dobyeschervo
556 5050 709 5103 vacantes
739 5061 797 5121 per
820 5040 920 5102 dnum
943 5041 1119 5104 iohannem
1137 5042 1283 5106 Wiscote
1299 5045 1490 5106 canonicum
1505 5055 1672 5126 receptum
1689 5043 1724 5126 (s)
1738 5045 1767 5105 ,ζ

427 5233 470 5296 Α.
501 5235 600 5314 1464,
624 5233 814 5297 Decembris
843 5249 888 5314 17,
913 5236 946 5296 in
969 5234 1121 5315 capitulo.

322 5371 408 5440 581.
445 5375 510 5455 (ΙΙΙ.
533 5375 614 5456 40⁰).
650 5376 711 5438 Die
735 5376 870 5440 Lune..
895 5397 1003 5438 vener.
1026 5387 1135 5458 patres
1159 5387 1193 5439 et
1215 5377 1269 5439 dni
1294 5377 1447 5440 Nicolaus
1471 5389 1597 5452 custos,
1628 5377 1765 5440 Iacobus

213 5481 421 5556 scolasticus,
447 5482 600 5545 Nicolaus
623 5481 742 5546 Scudla
765 5483 1008 5547 archidiaconus
1031 5482 1245 5559 Srzemensis,
1271 5484 1437 5559 Clemens,
1471 5485 1625 5560 Mathias,
1650 5483 1764 5546 Iohan-

212 5610 271 5656 nes
295 5587 440 5652 Wiscote
463 5589 620 5666 infirmus,
644 5591 805 5654 Iohannes
829 5593 869 5654 de
892 5591 1097 5670 Twardow0,
1121 5591 1353 5678 Sandivogius,
1379 5591 1529 5656 Andreas
1546 5591 1763 5678 Rogalinsky,
