4390 6368
444 582 506 633 202
948 565 1040 617 acra
1060 565 1222 618 carnum
1243 566 1497 617 rozuuursusrs

444 783 505 861 Epi
530 783 758 856 edificandam,
786 783 975 842 murandarn
1001 792 1033 841 et
1058 781 1328 847 eonsunrandanr,
1354 801 1412 857 pro
1437 783 1525 842 euius
1551 780 1752 842 edificatione
1777 781 1838 840 iam
1856 781 1896 840 de
1918 779 2002 842 facto

443 889 508 950 dno
531 887 739 970 Sigismundo
766 889 922 948 canonico
948 890 1113 948 materiam
1139 887 1376 966 disponendum
1411 889 1656 957 commiserunt,
1692 897 1724 948 et
1747 889 1852 966 ipsum
1879 887 1998 946 ibidem

445 1008 628 1076 presentem
653 1004 686 1056 et
710 1003 935 1073 acceptantem
961 1003 1114 1074 tauquam
1140 1014 1237 1055 uuum
1257 991 1320 1076 [ex]
1339 995 1567 1054 executoribus
1591 995 1632 1054 ad
1657 995 1687 1054 id
1713 994 1951 1073 deputaverunt
1968 1007 1998 1054 et

444 1105 684 1164 constituerunt
700 1151 706 1163 .
721 1152 727 1164 .

658 1314 701 1375 A.
732 1329 829 1392 1513,
856 1313 979 1394 Aprilis
1005 1318 1039 1388 8,
1063 1313 1095 1372 in
1119 1311 1273 1391 capitulo.

557 1453 666 1520 1043.
690 1455 774 1534 (VII.
805 1456 886 1533 151).
911 1455 1036 1516 Census
1060 1455 1204 1516 villarum
1234 1453 1446 1534 Kyssyellm,
1472 1453 1556 1514 Vola
1581 1453 1786 1534 Kyssyelka,
1810 1453 2002 1533 Cauezynq

446 1563 598 1635 Stoczeh
623 1563 848 1643 Poczyekarfl,
873 1561 1097 1642 Gyemyeln0‚
1123 1561 1270 1641 Byenlry,
1296 1559 1381 1622 Vola
1407 1559 1593 1632 Chrunsl<a‚
1630 1560 1817 1641 Chromyn,
1843 1559 1999 1640 Illyssary‚

447 1669 540 1737 Vola.
565 1671 694 1731 noviter
718 1669 901 1736 locatarum,
922 1670 1101 1758 institutus:

552 1777 675 1838 Ibidem
700 1797 806 1838 vener.
833 1775 914 1836 dnus
939 1775 1085 1836 Thomas
1111 1773 1372 1852 Goczallzowslry
1398 1775 1571 1836 canonieus
1589 1773 1665 1835 lecit
1682 1775 1870 1836 relationem
1895 1795 2001 1835 coram

446 1884 532 1954 dnm,
557 1883 644 1964 quod
669 1884 709 1943 de
734 1884 886 1943 mandato
911 1894 943 1943 et
969 1883 1200 1943 commissione
1233 1883 1364 1960 speciali
1390 1883 1462 1942 llmi
1488 1881 1539 1942 dni
1565 1879 1717 1942 Iohannis
1750 1881 1790 1942 de
1815 1879 2002 1941 Ludbraucz

446 1991 474 2050 d.
500 2011 529 2071 g.
556 1989 616 2070 lipi
640 1989 776 2050 Poznan.
800 1989 958 2050 adiunctIs
985 1990 1044 2050 sibi
1069 1989 1232 2049 nobilibus
1268 1989 1339 2048 duis
1366 1987 1507 2048 lohunue
1544 1987 1757 2066 Chynowslry
1783 1987 1885 2048 iudice
1911 1987 2000 2048 Czer-

447 2099 538 2158 nensi
555 2109 587 2158 et
603 2096 743 2157 Martino
768 2095 984 2176 Polilrowsky‚
1010 2095 1168 2157 tenutario
1187 2095 1216 2154 in
1235 2094 1449 2155 Laslrarzewo
1476 2096 1506 2154 in
1531 2092 1717 2174 Podlessye,
1742 2096 1773 2154 iu
1797 2094 1880 2156 villis
1897 2113 2002 2174 supra·

447 2204 540 2264 dietis
565 2204 701 2264 instituit
725 2223 856 2264 censum
881 2203 921 2264 de
945 2203 1032 2283 angs
1065 2203 1191 2264 noviter
1216 2201 1401 2280 extirpatis,
1433 2221 1529 2280 quem
1555 2201 1608 2261 dui
1633 2202 1777 2280 presenti
1801 2201 1932 2261 metrice
1957 2201 1998 2260 in-

446 2311 650 2372 scribendum
675 2321 708 2371 et
732 2308 935 2370 acticandum
960 2309 1210 2382 mandaverunt,
1236 2319 1332 2388 prout
1356 2309 1516 2388 sequitur:

557 2417 593 2478 In
626 2419 736 2496 primis
771 2436 885 2478 omnes
921 2427 954 2476 et
990 2415 1106 2496 singuli
1143 2415 1337 2476 lrmethones
1373 2417 1588 2494 predictarum
1625 2415 1769 2476 villarum
1806 2413 2004 2494 etquilibet

448 2524 582 2585 lrmetho
605 2524 801 2586 tenebuntur
825 2533 857 2584 et
881 2523 1043 2584 tenebitur
1067 2523 1193 2583 solvere
1219 2522 1345 2602 prelato
1371 2522 1456 2582 Rmo
1488 2523 1553 2582 dno
1579 2521 1716 2583 Iohanni
1741 2521 1770 2582 d.
1795 2541 1825 2601 g.
1851 2521 1922 2600 lipo
1947 2520 2000 2580 Po·

449 2651 537 2692 znau.
561 2651 693 2692 censum
718 2633 805 2690 omni
829 2633 915 2690 anho
931 2631 1043 2709 viginti
1069 2643 1101 2690 et
1126 2651 1184 2690 sex
1209 2651 1255 2710 gr.
1276 2651 1336 2710 pro
1361 2629 1505 2709 quolibet
1532 2628 1615 2690 festo
1640 2649 1663 2690 s.
1689 2627 1816 2690 Martini
1836 2627 2004 2689 Confessu-

449 2739 505 2810 ιίε,
530 2737 622 2798 salvo
657 2758 754 2799 censu
790 2739 941 2816 antique,
977 2755 1073 2817 quem
1105 2737 1250 2797 similiter
1285 2737 1481 2798 tenebuntur
1515 2736 1642 2796 solvere
1676 2755 1734 2814 pro
1759 2735 1846 2796 dicto
1872 2734 1956 2796 sesto
1979 2755 2002 2795 s.

450 2844 587 2905 Illartini.

555 2951 638 3013 Item
663 2951 776 3030 prelati
801 2949 996 3012 lrmethoues
1022 2951 1239 3029 predictarum
1264 2948 1409 3010 villarum
1434 2960 1467 3011 et
1491 2949 1625 3028 quilibet
1651 2947 1783 3010 kmetho
1808 2948 2003 3010 tenebuntur

449 3071 481 3120 et
506 3059 669 3120 tenebitur
691 3059 817 3120 solvere
843 3057 968 3138 prelato
994 3057 1078 3118 Rmo
1103 3057 1169 3118 dno
1193 3055 1329 3117 Iohanni
1353 3057 1381 3117 d.
1407 3077 1436 3138 g.
1461 3055 1535 3136 Epo
1561 3056 1697 3118 Poznan.
1721 3056 1808 3117 omni
1833 3076 1920 3117 anno
1944 3075 2001 3135 per

449 3165 582 3227 chorum
607 3165 740 3246 siliginis
765 3178 798 3227 et
824 3187 880 3246 per
904 3164 1038 3228 chorum
1063 3165 1168 3236 tritici,
1195 3165 1283 3225 salva
1306 3185 1409 3225 avena
1433 3164 1514 3225 solvi
1538 3175 1712 3236 consueta,
1737 3184 1834 3244 quam
1859 3163 2003 3224 similiter

449 3273 575 3333 solvere
599 3271 795 3334 tenebuntur
819 3293 877 3353 pro
902 3273 1047 3352 quolibet
1073 3249 1157 3332 sesto
1182 3293 1205 3332 s.
1232 3271 1359 3332 Martini
1385 3270 1597 3332 Confessoris.

556 3379 638 3442 Item
663 3379 776 3458 prefati
802 3380 994 3441 kmethones
1020 3380 1165 3440 villarum
1203 3380 1416 3458 predictarum
1449 3391 1481 3439 et
1507 3379 1641 3458 quilibet
1667 3397 1777 3438 eorum
1809 3378 2005 3438 tenebuntur

449 3488 524 3548 dare
550 3488 634 3547 Rmo
659 3487 724 3548 dno
749 3485 884 3548 Iohanni
908 3487 982 3566 Epo
1008 3487 1144 3547 Poznan.
1171 3507 1228 3566 per
1253 3507 1350 3546 unum
1375 3507 1500 3547 currum
1527 3486 1606 3558 leni,
1639 3488 1714 3546 dum
1740 3507 1796 3546 sua
1822 3485 1896 3546 l'tas
1922 3485 2004 3545 Rma

451 3593 662 3673 personaliter
685 3595 810 3656 veniret
834 3593 863 3654 in
889 3595 995 3654 villam
1021 3594 1214 3674 Kyszyellro
1230 3594 1297 3655 sive
1315 3595 1345 3654 in
1362 3595 1501 3674 aliquam
1520 3595 1613 3654 aliam
1636 3595 1743 3654 villam
1762 3596 1791 3654 in
1809 3592 2005 3673 I'odlesssye

450 3721 560 3762 mense
583 3701 791 3781 episcopalis;
816 3720 878 3782 que
902 3701 1010 3762 omnia
1035 3711 1067 3762 et
1092 3701 1217 3780 singula
1242 3699 1356 3780 prefati
1381 3699 1576 3763 Irmethones
1600 3700 1703 3763 faeere
1727 3712 1759 3762 et
1776 3701 1904 3762 solvere
1928 3719 2000 3780 pro-

451 3808 624 3881 miserunt,
649 3807 873 3888 presentibus,
888 3857 893 3868 .

666 4019 708 4080 Α.
738 4035 835 4098 1513,
860 4019 984 4100 Aprilis
1014 4023 1065 4092 18,
1091 4021 1121 4080 in
1146 4019 1298 4099 capitulo,

571 4157 678 4224 1044.
715 4161 803 4240 (VII.
833 4161 951 4242 152)..
986 4161 1048 4222 Dni
1074 4163 1186 4241 prelati
1220 4173 1252 4223 et
1275 4163 1419 4222 canonici
1455 4162 1611 4224 dederunt
1644 4162 1673 4222 in
1707 4174 1852 4223 mutuum
1885 4159 2005 4222 Iacobo

455 4268 651 4328 ministeriali
673 4267 811 4330 Poznan
836 4271 916 4330 duas
941 4289 1065 4330 marcas
1090 4271 1224 4348 pecunie
1248 4271 1425 4330 mediorum
1451 4291 1648 4350 grossorum,
1674 4290 1733 4350 pro
1758 4269 2004 4350 quibusquidern

450 4375 574 4436 duabus
598 4376 713 4435 marcis
738 4376 807 4454 ipse
832 4373 972 4437 Iacobus
997 4377 1128 4438 debebit
1153 4387 1184 4437 et
1210 4378 1371 4438 tenebitur
1396 4377 1466 4438 duis
1498 4377 1537 4438 de
1562 4374 1704 4457 capitulo
1729 4378 1864 4456 singulis
1888 4377 2005 4437 servire

451 4483 481 4542 in
506 4481 655 4543 omnibus
680 4483 819 4561 negotiis
843 4484 874 4543 in
899 4484 965 4543 iure
1001 4483 1134 4544 seculari
1171 4487 1314 4546 terrestri
1349 4485 1436 4544 bona
1471 4485 1608 4545 ecclesie
1643 4485 1853 4564 tangentibus
1877 4483 1917 4544 ad
1941 4492 2006 4543 tres

450 4607 552 4649 annos
577 4591 759 4650 successive
784 4610 856 4650 sese
880 4590 1065 4652 immediate
1090 4590 1301 4669 sequentibus
1326 4601 1358 4652 et
1383 4612 1442 4671 pro
1467 4591 1613 4671 quolibet
1638 4610 1795 4651 annorum
1822 4589 1906 4652 XVI
1923 4590 2004 4651 scoti

451 4696 491 4755 de
516 4694 667 4774 predictis
692 4695 724 4756 II
749 4697 863 4756 marcis
887 4696 947 4757 sibi
973 4696 1094 4757 debent
1118 4697 1267 4758 defalcari
1292 4718 1394 4777 usque
1419 4699 1458 4758 ad
1483 4699 1617 4760 totalem
1642 4717 1752 4758 earum
1776 4695 1811 4758 II
1828 4713 2005 4758 marcarum

451 4823 509 4882 per
532 4801 595 4862 hoe
620 4803 724 4880 ipsum
749 4804 911 4865 servitium
938 4803 1117 4882 predictum
1141 4813 1196 4866 aut
1221 4806 1355 4883 pecunie
1381 4826 1439 4884 pro
1465 4817 1533 4867 rata
1557 4805 1714 4886 temporis
1739 4803 1935 4866 solutionem
1951 4822 2006 4864 seu

450 4910 716 4971 extenuationem
732 4961 737 4970 .
752 4960 758 4970 .

665 5103 707 5165 A.
738 5119 836 5183 1513,
861 5103 942 5166 Iunii
968 5121 1023 5176 20,
1050 5106 1080 5166 in
1104 5105 1255 5185 capitulo

563 5242 672 5310 1045.
694 5245 782 5324 (VII.
812 5247 904 5327 155⁰).
940 5245 1197 5310 Contractus
1232 5269 1359 5328 super
1394 5269 1555 5330 aggere
1591 5269 1649 5329 per
1685 5247 1812 5309 fluvium
1849 5247 2006 5328 Czybyna

451 5353 534 5414 iuter
558 5373 719 5414 summum
744 5353 882 5414 Poznan.
907 5365 939 5414 et
964 5353 1120 5434 oppidum
1153 5351 1298 5416 Ostrow¹
1318 5375 1375 5435 per
1398 5377 1504 5418 vener.
1530 5355 1675 5436 prelatos
1700 5367 1733 5417 et
1757 5358 1934 5418 canonicos
1957 5374 2002 5416 ee·

451 5460 548 5521 elesie
572 5459 709 5522 Poznan.
734 5461 884 5532 cathedr„
910 5481 952 5522 ex
974 5481 1044 5534 una,
1071 5472 1104 5523 et
1129 5461 1300 5541 providum
1318 5461 1473 5524 Mathiam
1499 5463 1588 5525 Drab
1613 5464 1653 5526 de
1677 5483 1763 5524 novo
1785 5483 1910 5544 aggere
1934 5473 2008 5524 ante

451 5566 653 5634 Poznaniam
678 5567 844 5648 abaltera
871 5569 1026 5648 partibus,
1052 5570 1081 5628 in
1103 5568 1188 5630 hune
1212 5570 1343 5630 modum
1368 5569 1489 5634 factus:
