4416 6366
427 581 487 642 160
925 577 1020 630 scra
1039 577 1201 631 metrum
1221 577 1480 631 roznannntsrs

421 673 539 679 -..-.-
562 671 593 676 .....
629 671 666 677 .—
767 671 800 676 ι...-
853 672 1196 679 ⁴.—.--—.-......-—-..--.--
1233 673 1512 680 ----—.——-.--——.-
1537 671 1974 680 -η--υ-ι--ι--ι--ῄ

416 793 580 854 viceversa
604 793 663 854 sub
688 813 773 874 pena
798 795 892 854 trium
926 811 1104 854 marcarum
1138 792 1212 854 hinc
1244 805 1277 856 et
1309 792 1426 856 festum
1462 793 1491 856 b.
1529 792 1613 856 Petri
1647 803 1681 858 et
1716 793 1806 856 Pauli
1835 793 1975 875 apostol.

420 918 512 977 prox.
537 910 716 961 venturum.

529 1037 615 1105 868.
639 1041 738 1122 (Ibidl
765 1041 846 1103 ltem
871 1041 954 1102 dnus
978 1061 1095 1122 regens
1119 1041 1227 1102 villam
1253 1040 1473 1104 Garaschewo
1500 1063 1563 1102 non
1589 1043 1765 1123 compellat
1782 1040 1977 1105 kmethones

418 1169 522 1221 arare,
560 1150 619 1210 nisi
643 1149 730 1229 quod
755 1159 805 1210 est
828 1148 881 1210 diu
906 1149 1117 1211 constitutum
1143 1159 1175 1210 et
1198 1160 1407 1223 consuetum,
1442 1149 1575 1230 morglty
1608 1169 1698 1212 arare
1730 1159 1882 1214 tenentur
1914 1149 1973 1210 sub

418 1275 502 1337 pena
527 1257 621 1318 trium
645 1276 833 1319 marcarum.

528 1395 613 1462 869.
638 1397 740 1479 (ibid.)
757 1398 837 1460 Item
855 1397 939 1460 dnus
956 1419 1071 1479 regens
1088 1397 1195 1459 villam
1213 1397 1390 1478 Nynkowo
1408 1419 1472 1460 non
1485 1399 1663 1481 compellat
1675 1399 1717 1461 ad
1729 1398 1871 1462 dandum
1884 1418 1976 1479 capo

421 1526 478 1568 nes
500 1506 687 1575 kmetones‚
725 1503 812 1586 quod
847 1525 1012 1584 nunquam
1038 1504 1118 1588 {fuit}
1143 1507 1218 1568 iuris
1249 1525 1353 1585 neque
1384 1505 1640 1578 consuetudinis
1673 1505 1734 1568 sub
1765 1526 1851 1588 pena
1882 1507 1975 1566 trium

419 1633 608 1674 marcarum.

527 1751 614 1819 870.
649 1755 751 1834 (lbid).
786 1753 868 1816 Item
903 1754 985 1815 dnus
1020 1773 1138 1834 regens
1174 1753 1366 1834 Byenlrowo
1402 1755 1516 1818 limitet
1540 1765 1573 1818 et
1598 1755 1760 1838 granicies
1795 1773 1867 1816 cum
1904 1753 1978 1814 villa

419 1861 630 1926 Chrzastowo
655 1871 687 1924 et
711 1861 866 1942 scopulos
901 1881 1006 1922 novos
1030 1860 1126 1923 saciat
1150 1880 1188 1920 ac
1211 1859 1408 1923 kmethones
1431 1883 1450 1925 a
1474 1863 1637 1925 nobilibus
1671 1862 1712 1924 de
1744 1859 1976 1925 Chrzasthowo

420 1979 582 2050 protegat.
606 1990 646 2029 ne
671 1969 748 2047 ipsis
772 1989 830 2048 per
847 1968 980 2029 eosdem
1005 1967 1179 2030 inferantur
1196 1968 1304 2028 iniurie
1322 1977 1412 2031 tante
1429 1970 1561 2044 iniuste,
1585 1979 1618 2032 et
1642 1967 1793 2031 defendat
1817 1967 1877 2030 sub
1894 1986 1977 2048 pena

419 2078 514 2138 trium
539 2095 717 2138 marcarum
742 2074 815 2136 hinc
839 2087 871 2136 et
896 2073 1011 2136 festum
1038 2075 1068 2136 b.
1094 2075 1177 2138 Petri
1199 2087 1231 2138 et
1256 2073 1342 2137 Pauli
1366 2086 1472 2156 apost.
1496 2097 1589 2157 prox.
1613 2087 1794 2138 venturum.

633 2269 675 2330 A.
705 2270 801 2347 1496,
827 2268 1022 2330 Novembris
1048 2285 1090 2346 29
1105 2269 1142 2351 ¹),
1168 2271 1197 2330 in
1224 2269 1375 2351 capitulo.

529 2407 615 2475 871.
639 2409 689 2492 (V.
720 2413 800 2490 130),
825 2409 947 2472 Ibidem
973 2412 1027 2472 dni
1045 2411 1278 2474 mandaverunt
1295 2412 1439 2475 districte
1456 2409 1664 2493 precipiendo
1681 2411 1747 2474 dno
1764 2409 1973 2493 procuratori,

421 2519 509 2600 quod
533 2517 659 2580 Helena
683 2517 796 2578 mulier
820 2529 895 2598 post
920 2528 1067 2581 montem
1093 2539 1226 2581 manens
1251 2531 1284 2580 et
1308 2519 1425 2581 domos
1449 2519 1574 2582 habens
1605 2533 1742 2601 propter
1765 2519 1865 2581 multa
1889 2537 1977 2580 scan-

420 2627 494 2688 dala
517 2636 550 2688 et
575 2625 740 2686 latrocinia
771 2645 809 2684 ac
842 2627 1037 2696 meretricia,
1072 2645 1134 2706 que
1167 2627 1197 2686 in
1223 2647 1281 2688 sua
1305 2626 1404 2687 domo
1428 2625 1534 2690 facere
1558 2627 1724 2708 permittit,
1749 2625 1867 2688 domos
1891 2627 1977 2705 ipsas

422 2732 543 2794 vendat
567 2743 600 2793 et
625 2731 730 2792 locum
755 2731 872 2793 abinde
897 2743 1060 2813 permutet
1084 2745 1117 2794 et
1140 2733 1219 2794 alias
1248 2744 1283 2794 ut
1308 2734 1480 2812 recipiatur
1511 2745 1543 2795 et
1576 2735 1607 2794 in
1639 2735 1745 2814 cipum
1782 2742 1922 2814 ponatur
1945 2741 1979 2792 et

419 2840 460 2901 de
483 2839 600 2900 eodem
626 2859 689 2899 non
715 2841 868 2912 mittatur,
894 2840 951 2901 nisi
977 2842 1063 2919 prius
1090 2841 1206 2919 positis
1233 2839 1473 2901 fideiussoribus
1499 2860 1596 2920 super
1627 2841 1817 2903 vendicione
1849 2857 1976 2900 suarum

421 2948 593 3008 domorum
620 2946 694 3008 hinc
718 2957 750 3008 et
774 2945 970 3007 dominicam
996 2946 1171 3008 Invocavit.

637 3139 679 3202 A.
710 3153 800 3219 1497,
824 3139 959 3202 Ianuarii
989 3153 1043 3219 ις,
1069 3141 1099 3202 ἰη
1124 3140 1274 3221 capitulo.

528 3279 615 3347 872.
641 3282 693 3366 (V.
725 3282 802 3362 132).
827 3281 950 3344 ibidem
975 3282 1029 3343 dni
1054 3281 1205 3344 eflectum
1231 3283 1421 3344 monicionis
1445 3290 1479 3344 et
1502 3281 1733 3344 declaracionis
1756 3279 1799 3342 ob
1817 3301 1882 3342 non
1898 3281 1979 3346 solu.

423 3390 548 3452 cionem
580 3389 973 3452 contribucionis
1005 3387 1045 3450 R.
1078 3389 1155 3450 Mtis
1187 3389 1227 3449 ad
1260 3387 1345 3450 diem
1375 3391 1550 3451 crastinam
1582 3388 1820 3468 suspenderunt
1852 3401 1885 3451 et
1916 3409 1976 3468 per

422 3507 525 3560 totam
550 3497 635 3558 diem
662 3507 878 3576 prorogarunt
903 3494 1121 3558 declarandas.
1147 3495 1269 3556 Ibidem
1294 3495 1349 3557 dni
1373 3497 1423 3557 die
1447 3495 1586 3558 crastina
1609 3495 1655 3575 (d.
1675 3497 1717 3556 16
1734 3495 1895 3576 Ianuan't)
1912 3496 1978 3556 dno

422 3603 550 3666 officiali
573 3603 785 3666 contributori
810 3621 924 3664 omnes
949 3613 981 3666 et
1005 3604 1165 3683 singulos,
1198 3605 1252 3685 qui
1276 3604 1418 3665 nondum
1442 3603 1609 3666 solverunt
1633 3603 1910 3666 contribucionem
1935 3603 1978 3664 R.

422 3712 508 3784 Mus,
533 3711 718 3791 inscriptis
743 3709 908 3771 declarare
933 3709 1178 3771 mandaverunt.

633 3903 676 3966 A.
706 3917 796 3983 1497,
823 3903 930 3966 Martii
959 3902 1045 3986 11²),
1071 3904 1103 3964 in
1127 3903 1279 3984 capitulo

530 4043 616 4111 873,
642 4046 695 4127 (V.
726 4047 824 4126 134⁰).
850 4045 974 4108 Ibidem
1000 4045 1072 4108 dnis
1097 4048 1244 4126 superius
1268 4045 1439 4126 descriptis
1463 4045 1675 4108 cubicularius
1700 4045 1738 4108 R.
1763 4045 1841 4108 Mtis
1857 4045 1979 4108 litteras

422 4155 489 4217 Smi
514 4156 666 4236 principis
690 4153 743 4215 dni
775 4153 787 4214 l
801 4174 821 4215 o
836 4153 888 4215 ha
902 4173 922 4214 n
936 4154 976 4213 ni
992 4173 1007 4214 s
1040 4152 1073 4213 A
1087 4153 1095 4214 l
1109 4153 1234 4215 berti
1257 4153 1357 4233 Regis
1382 4151 1516 4214 Polonie
1540 4154 1740 4234 presentavit
1765 4153 1974 4234 inhibitorias‚

423 4285 463 4326 ne
486 4262 610 4343 aliquas
635 4261 757 4323 litteras
781 4259 981 4340 apostolicas
998 4281 1058 4339 pro
1076 4272 1168 4340 parte
1184 4261 1350 4323 cuiusdam
1369 4260 1408 4322 N.
1424 4259 1677 4340 Praszmowslry
1693 4281 1790 4341 super
1804 4259 1979 4323 collectura

423 4371 543 4432 denarii
567 4367 598 4431 S.
624 4367 707 4430 Petri
735 4368 804 4428 sine
837 4366 875 4428 R.
908 4367 984 4428 Mtis
1020 4367 1189 4430 voluntate
1220 4381 1252 4430 et
1283 4369 1422 4430 sciencia
1454 4379 1682 4448 acceptarent,
1714 4367 1831 4449 quibus
1862 4367 1977 4430 litteris

422 4477 584 4558 regalibus
607 4474 648 4537 ad
672 4496 707 4536 se
732 4494 804 4535 cum
822 4495 869 4544 ea,
887 4471 973 4557 [qua]
991 4473 1094 4548 decet,
1112 4477 1296 4537 reverencia
1313 4476 1453 4554 receptis
1470 4475 1530 4536 illis
1547 4476 1578 4536 in
1596 4475 1712 4538 effectu
1727 4484 1915 4556 paruerunt,
1938 4493 1977 4535 ac

423 4587 527 4666 ipsam
545 4583 684 4671 litteram
702 4582 767 4643 dno
784 4580 1054 4644 vicethezaurario
1071 4582 1112 4644 ad
1129 4581 1312 4644 huiusmodi
1329 4583 1373 4642 rei
1391 4582 1579 4643 memoriam
1593 4603 1722 4644 servare
1736 4582 1978 4644 mandaverunt.

636 4773 678 4838 A.
708 4791 798 4854 1497,
823 4775 902 4836 Iunii
933 4792 984 4854 13,
1009 4775 1039 4836 in
1065 4774 1219 4856 capitulo.

530 4917 617 4988 874.
642 4918 695 5000 (V.
724 4917 802 5000 141).
826 4917 950 4979 lbidem
974 4917 1050 4980 dicti
1066 4918 1120 4979 dni
1136 4937 1243 4979 vener.
1259 4917 1342 4980 dnos
1359 4917 1530 4981 Martinum
1548 4917 1775 4980 Dambrowslri
1792 4929 1825 4982 et
1841 4917 1980 4980 Lauren·

423 5035 507 5096 cium
532 5023 766 5107 Grodzyczsky
790 5025 966 5087 canonicos
989 5024 1029 5086 ad
1054 5044 1138 5086 nunc
1175 5026 1348 5088 instantem
1380 5024 1591 5087 sinodum
1628 5025 1980 5104 provincialem

424 5160 483 5222 pro
508 5137 593 5200 sesto
617 5155 641 5196 s.
666 5131 818 5194 iohannis
842 5131 990 5213 Brptiste
1014 5133 1046 5193 in
1068 5131 1268 5211 Pyotrkovia
1292 5133 1439 5212 proxime
1463 5131 1690 5196 celebrandam
1714 5152 1789 5194 cum
1813 5141 1977 5213 potestate

423 5254 578 5308 consueta
601 5243 858 5322 deputaverunt,
882 5239 999 5320 quibus
1023 5259 1082 5319 pro
1108 5241 1261 5320 expensis
1297 5259 1356 5320 per
1380 5261 1439 5301 sex
1464 5259 1588 5302 marcas
1623 5240 1700 5302 dare
1735 5239 1977 5302 mandaverunt.

645 5435 731 5442 ...-—-⁴-

531 5540 550 5611 ¹)
569 5543 637 5592 Data
656 5557 678 5591 w
698 5539 843 5606 oryginale:
864 5539 930 5588 »Die
949 5537 1038 5587 Martis
1059 5537 1137 5587 XXX
1157 5555 1189 5588 m.
1209 5537 1379 5587 Novembris«
1399 5537 1448 5602 jest
1466 5537 1569 5604 blednq.

531 5631 550 5706 ¹)
570 5633 637 5682 Data
657 5649 679 5680 w
698 5629 841 5698 orygiuale:
864 5629 930 5676 »Die
949 5628 1062 5676 Sabbato
1082 5627 1130 5675 Xll
1150 5644 1182 5676 m.
1204 5627 1304 5676 Martii«
1324 5627 1373 5692 just
1393 5627 1486 5696 mylna.
