4458 6356
839 557 1018 610 ANNORUM
1039 555 1223 612 ttae-1444.

473 769 515 834 Α.
545 788 636 850 1443,
661 771 852 834 Decembris
877 787 927 850 24,
952 771 982 834 in
1006 771 1158 852 capitulo.

365 909 451 978 285.
476 913 526 994 (II.
553 913 631 993 30⁰).
656 913 769 976 Martis
793 912 905 975 XXIV
927 911 1117 976 Decembris
1140 913 1219 976 alias
1244 912 1320 976 leria
1345 915 1409 992 3tia
1433 914 1465 974 in
1488 913 1596 995 vigilia
1618 914 1806 978 Nativitatis

258 1018 323 1080 Dni
341 1019 445 1082 Rmus
469 1029 562 1100 pater
578 1020 660 1082 dnus
677 1019 829 1082 Andreas
853 1020 902 1082 dei
919 1021 1027 1100 gracia
1043 1019 1134 1100 Epus
1151 1041 1214 1082 una
1236 1041 1308 1082 curn
1326 1020 1398 1084 dnis
1415 1019 1552 1083 Nicolao
1575 1021 1811 1096 archidiacono,

257 1124 352 1188 Petro
369 1135 509 1202 cantore,
533 1125 808 1206 Przaszmowsky,
825 1125 962 1188 Nicolan
986 1126 1129 1199 custode,
1154 1125 1348 1202 Lanthman,
1373 1127 1542 1190 Clemente
1559 1128 1599 1190 de
1615 1128 1810 1208 Drzewicza,

256 1231 379 1294 Mathia
403 1232 443 1294 de
467 1232 602 1306 Crosno,
638 1233 802 1304 Mirosla0,
837 1233 980 1296 Iohanne
1004 1232 1171 1306 Vischota,
1207 1237 1348 1309 invento,
1373 1234 1461 1316 quod
1485 1235 1567 1297 dnus
1590 1233 1808 1316 Sandivogius

258 1337 314 1401 luit
338 1339 481 1402 indebite
503 1339 681 1420 acapitulo
705 1350 737 1402 et
753 1339 966 1402 relecionibus
991 1339 1150 1414 exclusus,
1175 1343 1279 1423 ipsum
1304 1343 1512 1405 restituerunt
1536 1353 1570 1406 et
1592 1343 1809 1418 admiserunt3

258 1446 356 1506 dnum
380 1467 457 1508 vero
482 1445 684 1508 Clementem
709 1466 758 1520 e0,
783 1447 870 1528 quod
895 1447 995 1509 dnum
1028 1446 1196 1510 Nicolaum
1220 1446 1455 1510 Glamboczecz
1486 1447 1745 1512 archidiaconum
1770 1450 1811 1510 di·

257 1553 306 1612 xit
331 1552 482 1614 iniustum
506 1563 539 1615 et
563 1573 627 1614 non
654 1555 775 1615 bonum
807 1553 979 1634 prelatum,
1004 1554 1077 1615 ideo
1101 1555 1176 1635 quia
1200 1555 1339 1618 eundem
1371 1555 1574 1618 Clementem
1606 1555 1811 1619 denunciavit

258 1658 323 1719 dno
340 1658 413 1740 Epo
438 1679 534 1740 super
558 1659 783 1732 concubinatu,
808 1661 980 1722 innitentes
1005 1671 1176 1723 statuto
1200 1662 1459 1744 provinciali
1488 1663 1546 1724 »de
1569 1663 1706 1724 iniuriis«
1727 1683 1809 1724 aca-

258 1764 361 1844 pitulo
385 1775 417 1828 et
435 1765 668 1828 releccionibus
691 1767 932 1847 suspenderunt
955 1768 995 1829 ad
1020 1767 1185 1830 arbitrium
1210 1769 1362 1850 ipsorum,
1386 1770 1528 1832 maxime
1552 1771 1626 1851 quia
1650 1790 1709 1830 nec
1726 1769 1812 1831 detu-

259 1873 293 1935 lit
317 1874 485 1952 presencie
508 1872 563 1935 dni
586 1873 648 1954 Epi
672 1885 733 1935 etc.

470 2065 514 2129 A.
545 2083 635 2144 1444,
661 2067 797 2128 ianuarii
819 2085 849 2146 4,
874 2067 906 2128 in
930 2067 1083 2148 capitulo.

365 2204 451 2272 286.
477 2208 525 2290 (ΙΙ.
551 2209 612 2288 31).
638 2208 760 2271 Ibidem
787 2209 852 2292 [dni
876 2209 990 2290 prelati
1015 2221 1047 2272 et
1071 2207 1228 2294 canonici]
1257 2209 1341 2272 dnos
1364 2209 1595 2292 Vigonowski,
1627 2210 1806 2284 custodem,

257 2323 422 2377 cantorem
447 2324 480 2378 et
503 2315 741 2397 Twardowsky
765 2316 1002 2397 deputaverunt
1024 2319 1126 2378 ituros
1150 2335 1222 2379 cum
1247 2317 1311 2379 dno
1328 2316 1403 2398 Epo
1419 2317 1460 2380 ad
1475 2317 1670 2380 visitandum
1694 2337 1806 2380 mona-

257 2420 337 2484 chos
361 2431 394 2484 et
417 2421 591 2485 claustrum
615 2423 647 2485 in
670 2423 775 2485 Lubin
800 2434 862 2486 etc.

474 2615 516 2678 A.
546 2633 637 2694 1444,
662 2615 768 2679 Martii
797 2634 843 2694 19,
868 2617 898 2678 in
923 2616 1076 2696 capitulo.

363 2754 451 2822 287.
476 2757 530 2838 (ΙΙ.
556 2759 619 2836 33).
642 2757 694 2819 De
717 2757 804 2819 libris
827 2757 962 2820 ecclesie
987 2794 1028 2803 —
1053 2757 1115 2820 Die
1140 2758 1265 2820 lovis..
1291 2757 1345 2820 dni
1368 2760 1564 2840 prepositus,
1588 2769 1711 2834 cantor,
1735 2780 1807 2821 can-

256 2865 410 2936 cellarius,
435 2864 641 2935 Srzemensis,
658 2864 928 2928 Varschoviensis
951 2865 1176 2938 archidiaconi,
1192 2864 1432 2946 Vigonowsky,
1448 2865 1642 2940 Lanthman,
1663 2866 1805 2946 Jacobus

256 2969 320 3055 [dc]
336 2970 466 3046 Grandi,
490 2972 649 3036 lohannes
666 2971 706 3036 de
722 2971 752 3033 N
755 2971 916 3052 yewesch,
942 2971 1188 3052 Twardowsky,
1205 2971 1353 3044 Mathias,
1370 2971 1537 3046 Viscotha,
1554 2971 1709 3048 Sbilutus,
1732 2972 1808 3036 San·

257 3079 406 3160 divogius
431 3129 437 3142 .
464 3127 469 3142 .
502 3079 738 3142 mandaverunt
773 3089 920 3140 mutuare
956 3079 1124 3159 preposito
1157 3078 1357 3141 bibliam
1393 3080 1470 3142 olim
1502 3080 1556 3141 dni
1585 3079 1718 3161 Wysch,
1749 3101 1809 3161 pro

257 3205 324 3266 quo
356 3197 470 3249 cantor
495 3197 527 3248 et
551 3185 780 3267 Vigonowsky
810 3184 1044 3249 fideiusserunt.
1091 3189 1171 3249 ltem
1195 3185 1261 3248 dno
1285 3185 1515 3268 Vigonowsky
1540 3187 1804 3262 Decretum,

258 3291 549 3355 Decretales
580 3301 613 3355 et
636 3291 847 3365 Sextum,
883 3313 942 3372 pro
967 3313 1034 3374 quo
1057 3304 1171 3355 cantor
1194 3303 1227 3356 et
1251 3295 1438 3374 prepositus
1461 3293 1698 3356 fideiusserunt.
1725 3297 1805 3356 Item

256 3399 378 3462 Mathie
412 3397 624 3473 Sextum,
660 3418 719 3478 pro
743 3419 809 3480 quo
833 3397 1002 3462 Sbiluthus
1038 3398 1209 3474 fideiussit,
1245 3421 1328 3482 quos
1353 3398 1452 3464 libros
1476 3403 1648 3483 reposituri
1672 3411 1749 3463 sunt
1772 3402 1804 3462 in

257 3506 400 3586 capitulo
423 3505 566 3587 generali
590 3505 749 3586 proximo.

364 3609 453 3677 288.
477 3610 580 3692 (ibid.)
605 3609 728 3674 lbidem
752 3611 964 3675 decreverunt
988 3612 1100 3674 donari
1124 3613 1190 3675 dno
1206 3613 1398 3676 cancellario
1416 3614 1523 3696 Regni
1540 3614 1672 3676 Polonie
1696 3615 1809 3677 decem

257 3739 381 3782 marcas
404 3719 444 3780 de
467 3720 620 3799 pecuniis,
646 3738 730 3800 quos
753 3720 899 3800 reposuit
923 3717 1182 3802 Obyeszerzslry.

469 3929 511 3992 A.
541 3948 631 4010 1444,
656 3927 737 3992 Iunii
765 3931 811 4003 16,
836 3930 869 3992 in
893 3929 1044 4011 capitulo.

363 4069 449 4137 289.
475 4073 566 4154 (34⁰),
593 4072 652 4134 Die
669 4073 824 4134 Martis..
850 4071 903 4135 dni
921 4072 1070 4143 decanus,
1087 4071 1330 4135 archidiaconus
1346 4072 1623 4146 Varschoviensis,
1643 4071 1807 4136 Srzemen-

255 4181 306 4252 sis,
331 4179 546 4254 cancellarius,
563 4179 802 4260 Vigonowsky,
828 4178 1020 4248 Lanthman,
1046 4178 1177 4251 Hector,
1202 4179 1351 4248 Furman,
1377 4179 1623 4259 Twardowsky,
1647 4179 1807 4254 Clemens

255 4287 422 4356 laroslaus,
446 4285 575 4348 Luthco
599 4286 639 4348 de
664 4271 813 4358 Brzesae,
838 4284 1021 4364 Srzemslry,
1046 4284 1206 4347 lohannes
1229 4285 1270 4346 de
1294 4284 1497 4365 Nyewesch,
1521 4285 1712 4358 Laskarius,
1738 4285 1806 4349 Ma·

254 4393 345 4468 thias,
370 4393 547 4466 llliroslaus,
564 4393 739 4474 Sbiluthus,
758 4392 961 4464 Wladislaus,
980 4391 1147 4460 Viscotha,
1172 4391 1388 4473 Sandivogius
1404 4404 1437 4456 et
1454 4391 1619 4473 Czaczslcy
1636 4393 1750 4473 prelati
1767 4403 1800 4456 et

258 4502 402 4563 canonici
417 4499 636 4580 capitulariter
651 4483 842 4581 congregati
859 4499 949 4561 etad
966 4499 1201 4578 providendum
1218 4497 1258 4560 de
1275 4499 1356 4560 villis
1373 4497 1593 4570 Stanschewo‚
1610 4499 1801 4562 Sarbinowo

254 4619 286 4670 et
309 4607 470 4670 Michowo
506 4609 593 4670 citati
628 4617 809 4670 statuerunt
841 4618 874 4668 et
898 4607 1140 4677 concluserunt,
1176 4605 1264 4686 quod
1287 4617 1439 4686 regentes
1464 4617 1497 4667 et
1521 4607 1679 4669 habentes
1715 4605 1806 4669 villas

252 4715 390 4796 capituli,
414 4725 447 4777 et
470 4715 635 4796 signanter
651 4716 682 4776 in
697 4712 918 4785 Stanschevvo,
942 4711 1018 4774 nulli
1041 4713 1207 4774 hominum
1232 4723 1397 4786 extraneo,
1422 4713 1581 4788 decetero,
1605 4713 1727 4775 donent
1751 4724 1807 4774 aut

251 4823 394 4886 vendant
416 4823 468 4884 vel
492 4822 641 4883 excidere
666 4821 855 4902 permittant
871 4821 997 4890 robora,
1022 4819 1117 4900 ligna,
1142 4819 1291 4882 rubetum
1316 4819 1366 4881 vel
1390 4820 1573 4900 virgultum,
1598 4832 1806 4900 preterquam

253 4929 400 5010 personis
434 4927 664 5008 capitularibus
699 4947 759 5008 pro
794 4925 925 4989 edificiis
961 4927 1186 4988 construendis
1214 4928 1298 4988 circa
1326 4925 1503 4998 ecclesiam,
1529 4937 1562 4990 et
1584 4926 1647 4987 hoc
1671 4926 1711 4988 de
1735 4945 1808 4987 con·

252 5055 348 5098 sensu
371 5035 507 5098 dnorum
532 5035 572 5097 de
596 5034 747 5116 capitul0,
772 5033 861 5116 quod
885 5033 912 5096 si
936 5032 1051 5114 aliquis
1075 5053 1191 5113 regens
1216 5042 1249 5094 et
1273 5032 1397 5095 habens
1422 5031 1604 5094 huiusmodi
1628 5032 1720 5095 villas
1737 5051 1806 5113 pre·

251 5145 350 5205 sentis
375 5143 486 5205 statuti
510 5151 731 5223 transgressor
755 5142 908 5202 inventus
942 5137 1035 5201 suerit
1058 5150 1091 5202 et
1115 5139 1303 5201 testimonio
1337 5138 1501 5221 fidedigno
1529 5140 1706 5212 convictus,
1732 5141 1805 5219 ipso

252 5249 338 5312 sacto
362 5249 546 5330 provisione
569 5247 622 5310 illa
645 5248 713 5310 sive
736 5247 878 5309 dominio
908 5247 949 5308 sit
973 5247 1117 5327 privatus
1141 5256 1174 5308 et
1198 5247 1296 5308 debet
1320 5247 1436 5326 privari
1460 5255 1493 5307 et
1517 5245 1604 5326 quod
1628 5245 1687 5308 sub
1712 5245 1804 5308 simili

252 5357 436 5438 privacione
471 5356 531 5436 ipsi
566 5365 718 5437 regentes
741 5375 807 5416 non
832 5353 1021 5434 permittant
1046 5373 1104 5414 nec
1128 5352 1327 5432 compellant
1351 5351 1499 5414 homines
1522 5353 1553 5412 in
1571 5351 1653 5412 villis
1676 5351 1807 5432 capituli

253 5463 400 5530 laborare
423 5473 479 5526 aut
510 5461 629 5543 aliquid
661 5461 842 5546 conducere
865 5459 907 5521 ad
929 5460 991 5522 alia
1014 5479 1204 5540 quecunque
1229 5457 1316 5532 loca,
1340 5449 1613 5540 preterquam'ad
1637 5457 1806 5520 ecclesiam

252 5569 515 5632 Poznaniensem.

356 5681 451 5724 tronum.
467 5679 531 5721 medii
545 5679 593 5721 aevi
607 5679 656 5720 hist.
672 5679 733 5721 Xlll.
1650 5685 1667 5738 8
