4458 6356
844 559 1023 612 ANNORUM
1043 557 1219 614 1432—1433

268 784 403 856 propter
421 773 566 837 deiectus
589 794 655 836 non
678 775 825 837 modicos
848 774 1030 838 consumari
1053 795 1120 837 non
1142 775 1237 850 valet,
1264 776 1476 839 decreverunt
1499 776 1683 841 soluciones
1705 799 1824 860 cappa·

267 902 336 946 rum
360 902 421 963 pro
444 883 695 945 consumacione
717 881 861 946 eiusdem
883 881 1019 946 ecclesie
1042 882 1165 946 dandas
1189 883 1259 946 iore
1282 893 1316 947 et
1341 884 1574 966 inpendendus.

475 1076 519 1139 A.
549 1093 645 1156 1433,
665 1076 804 1157 Januarii
833 1077 887 1150 16,
912 1076 943 1138 in
970 1075 1122 1158 capitulo.

376 1213 437 1282 91.
462 1217 497 1299 (Ι.
521 1217 577 1300 92)
602 1217 663 1281 Die
687 1217 824 1282 Veneris
838 1267 865 1282 ..
891 1219 922 1280 in
946 1217 1085 1282 stubella
1109 1219 1224 1280 minori
1240 1217 1356 1282 domus
1372 1218 1447 1280 Rmi
1461 1267 1488 1280 ..
1514 1219 1568 1280 dni
1591 1216 1743 1282 Stanislai
1759 1219 1823 1302 Epi

269 1323 364 1387 Pozn.
390 1325 473 1387 idem
506 1327 609 1388 Rmus
638 1337 731 1406 pater
765 1327 846 1389 dnus
878 1325 1057 1389 Stanislaus
1089 1325 1180 1404 Epus
1212 1325 1490 1388 contribucionem
1525 1329 1733 1408 pecuniarum
1764 1347 1824 1410 pro

267 1431 386 1494 fabrica
409 1432 543 1496 ecclesie
567 1432 648 1496 dixit
665 1433 813 1498 daturum
837 1433 878 1496 ad
902 1434 1004 1514 petita
1028 1432 1166 1494 dnorum
1189 1433 1229 1494 de
1245 1432 1395 1513 capitulo,
1413 1433 1591 1496 secundum
1608 1434 1695 1516 quod
1712 1435 1819 1515 ipsum

270 1540 444 1614 concernit,
468 1540 583 1602 auditis
607 1539 786 1603 defectibus
810 1539 945 1604 ecclesie
969 1560 1026 1602 sue
1057 1559 1115 1621 per
1137 1559 1246 1603 vener.
1272 1540 1371 1602 dnum
1395 1539 1610 1621 Predvogium
1639 1540 1680 1604 de
1702 1539 1825 1604 Grandi

268 1646 419 1709 vicarium
443 1647 474 1708 in
498 1645 723 1728 Spiritualibus
747 1646 844 1710 Pozn.
868 1647 1053 1730 generalem
1086 1648 1217 1710 nomine
1248 1647 1385 1710 duorum
1417 1647 1615 1728 prelatorum
1639 1656 1672 1709 et
1696 1649 1824 1710 canoni·

269 1773 380 1816 corum
403 1753 522 1816 ibidem
546 1755 749 1836 presencium
772 1755 833 1818 sibi
857 1755 1027 1834 expositis
1053 1791 1091 1800 -
1116 1754 1197 1818 Item
1222 1753 1304 1818 dixit
1329 1775 1364 1817 se
1387 1753 1470 1816 velle
1494 1753 1570 1816 dare
1594 1753 1675 1816 duas
1698 1773 1825 1818 marcas

270 1881 328 1940 pro
351 1860 521 1924 ablucione
544 1863 682 1925 vestium
706 1862 840 1925 ecclesie
864 1873 897 1926 et
921 1882 981 1944 pro
1005 1859 1192 1944 oralogista.
1217 1861 1298 1924 Item
1322 1882 1381 1944 pro
1405 1860 1583 1944 oralogista
1607 1860 1688 1923 dixit
1712 1881 1748 1924 se
1771 1861 1826 1924 da·

270 1978 375 2032 turum
400 1969 502 2030 eciam
525 1969 604 2032 duas
627 1989 762 2032 marcas.

484 2161 528 2226 A.
559 2179 659 2245 1433,
683 2163 791 2226 Martii
816 2161 884 2244 3¹),
909 2163 940 2225 in
964 2162 1106 2244 capitulo

379 2300 439 2370 92.
465 2304 499 2388 (Ι.
523 2306 578 2386 94)
602 2304 684 2368 Item
708 2304 827 2368 ibidem
851 2305 927 2368 dicti
951 2305 1004 2368 dni
1030 2304 1144 2388 prelati
1168 2314 1201 2368 et
1224 2304 1371 2366 canonici
1395 2324 1502 2368 vener.
1525 2305 1612 2367 viros
1635 2304 1719 2367 dnos
1735 2303 1827 2366 Pred-

271 2413 401 2494 vogium
426 2411 465 2474 de
489 2410 610 2474 Grandi
635 2413 836 2494 prepositum
860 2410 992 2490 Gnezn,
1017 2412 1175 2476 Mathiam
1200 2411 1291 2491 Drya
1315 2411 1472 2492 decanum
1497 2423 1530 2476 et
1554 2411 1731 2474 Hectorem
1754 2431 1828 2493 pre·

271 2520 412 2600 positum
428 2517 696 2582 Gluschinensem
712 2541 824 2582 versus
848 2519 908 2582 La
921 2540 940 2581 n
954 2541 971 2582 c
984 2521 993 2582 i
1006 2541 1023 2581 c
1037 2520 1045 2581 i
1059 2541 1077 2582 a
1089 2539 1122 2581 m
1145 2519 1186 2582 ad
1211 2539 1295 2600 syn
1308 2540 1328 2581 o
1342 2518 1363 2580 d
1376 2540 1394 2581 u
1408 2539 1441 2580 m
1465 2520 1566 2582 ituros
1590 2519 1828 2600 deputaverunt

269 2637 302 2690 et
326 2627 494 2708 unicuique
529 2647 640 2691 eorum
672 2648 730 2708 per
760 2627 808 2691 IV
838 2647 962 2690 marcas
986 2625 1109 2690 dandas
1144 2625 1363 2700 decreverunt,
1397 2636 1430 2689 et
1454 2625 1688 2688 refeccionibus
1724 2627 1826 2687 eciam

271 2735 468 2816 gaudebunt,
492 2735 712 2804 decernentes.
737 2735 825 2817 quod
849 2736 875 2798 si
899 2745 932 2798 et
956 2735 988 2796 in
1013 2744 1169 2816 quantum
1195 2732 1340 2814 prefatus
1363 2733 1446 2796 dnus
1472 2732 1669 2814 Predvogius
1694 2752 1752 2812 per
1776 2751 1827 2793 ca·

271 2842 407 2923 pitulum
431 2839 622 2904 Gneznense
645 2841 685 2903 ad
710 2843 828 2906 dictam
852 2841 1014 2922 synodum
1039 2843 1228 2916 mitteretur,
1252 2849 1373 2904 extunc
1397 2839 1630 2902 reieccionibus
1646 2841 1729 2902 inter
1745 2838 1828 2901 dnos

270 2949 311 3012 de
334 2949 478 3030 capitulo
501 2950 568 3012 dari
592 2951 756 3013 consuetis
779 2949 944 3032 gaudebit,
969 2950 1009 3011 de
1033 2949 1151 3031 quibus
1176 2947 1236 3011 sibi
1260 2967 1295 3010 se
1318 2947 1470 3010 dixerunt
1493 2965 1720 3027 responsuros

486 3143 530 3206 A.
560 3159 651 3223 1433,
675 3144 782 3207 Martii
806 3161 835 3222 4,
860 3143 891 3205 in
916 3141 1069 3225 capitulo.
1098 3202 1100 3211 ,

380 3283 439 3351 93.
464 3287 498 3368 (Ι.
524 3287 579 3366 95)
594 3335 622 3348 ..
647 3285 766 3349 Vener.
792 3296 825 3349 et
848 3285 962 3349 honor.
986 3285 1084 3348 viri..
1110 3283 1223 3366 prelati
1249 3294 1282 3346 et
1305 3282 1493 3345 canonici..
1517 3289 1663 3354 attento,
1688 3278 1826 3362 qualiter

273 3393 356 3456 dnus
375 3392 539 3473 Johannes
556 3394 596 3455 de
613 3393 786 3455 Drzevicza
803 3413 927 3465 canon,
951 3391 1113 3454 confrater
1129 3401 1248 3462 noster,
1268 3390 1406 3470 Johanni
1424 3389 1464 3452 de
1479 3386 1687 3450 Zanslavicze
1703 3386 1830 3449 notario

274 3502 376 3564 nostri
392 3500 524 3581 capituli
540 3501 692 3562 crimen
718 3500 927 3563 falsitatis
944 3499 976 3560 in
993 3499 1100 3560 medio
1118 3499 1218 3561 nostri
1236 3497 1363 3568 obiecit,
1388 3514 1545 3568 asserens,
1562 3493 1699 3575 qualiter
1717 3501 1829 3556 notam

274 3607 436 3689 quandam
460 3607 500 3669 de
524 3607 690 3670 solucione
714 3609 878 3688 pensionis
901 3607 942 3669 de
966 3605 1115 3667 dominiis
1143 3605 1251 3685 ipsius,
1282 3603 1431 3666 videlicet
1460 3601 1542 3663 villis
1566 3599 1770 3662 Lisszovicze
1794 3609 1828 3664 et

274 3714 436 3794 Scrzinky,
461 3715 660 3777 excessivam
685 3715 717 3776 in
741 3715 873 3778 matrica
897 3713 1039 3794 presenti
1063 3713 1235 3794 posuisset,
1261 3711 1315 3792 qui
1335 3709 1498 3789 Johannes
1516 3708 1659 3770 notarius
1676 3707 1718 3769 ab
1734 3707 1827 3769 annis

275 3835 307 3886 et
331 3823 451 3896 diebus,
476 3823 591 3903 quibus
615 3821 673 3885 suit
697 3824 892 3885 notarius
916 3820 1055 3901 capituli,
1080 3839 1243 3900 nunquam
1267 3819 1298 3880 in
1323 3817 1431 3898 aliquo
1447 3813 1541 3900 [erat]
1559 3814 1831 3895 suspectusdic-

275 3940 343 3993 tum
363 3929 544 4009 Johannem
574 3933 733 3992 notarium
765 3930 805 3991 de
830 3929 961 3992 crimine
985 3928 1044 3989 sibi
1069 3927 1199 3988 obiecto
1232 3934 1452 4006 purgaverunt
1476 3933 1508 3986 et
1533 3941 1592 4004 pro
1616 3931 1757 4004 purgato
1780 3920 1832 3982 ha·

275 4037 428 4112 buerunt,
464 4049 541 4101 nota
565 4038 726 4120 predicta,
751 4038 838 4119 quod
863 4037 1005 4098 nullain
1029 4055 1067 4097 ea
1090 4035 1231 4114 suspicio
1255 4033 1321 4104 fuit,
1345 4033 1413 4094 visa
1437 4041 1470 4094 et
1494 4029 1585 4102 lecta,
1610 4039 1643 4092 et
1666 4028 1833 4109 signanter

275 4146 362 4226 quod
386 4146 426 4208 de
452 4145 607 4208 mandato
631 4146 789 4208 dictorum
813 4146 950 4207 duorum
976 4143 1032 4205 luit
1056 4142 1193 4223 scripta,
1227 4140 1316 4222 quod
1340 4139 1457 4202 ibidem
1482 4137 1558 4200 dicti
1582 4135 1636 4198 dni
1660 4145 1736 4198 sunt
1759 4153 1834 4195 con.

276 4252 366 4327 fessi,
401 4273 464 4334 que
495 4253 604 4314 omnia
635 4273 692 4334 per
716 4273 767 4314 me
790 4251 946 4314 Mathiam
971 4250 1011 4312 de
1035 4248 1216 4330 Chlapowo
1252 4267 1366 4308 canon.
1397 4245 1493 4307 Pozn.
1519 4244 1652 4307 matrice
1689 4241 1833 4323 presenti

277 4379 372 4421 manu
408 4360 539 4441 propria
569 4361 688 4441 scripta
712 4370 787 4422 sunt
818 4369 851 4421 et
875 4357 982 4438 posita
1015 4367 1048 4419 et
1079 4357 1224 4428 amicata,
1261 4353 1449 4416 ratificando
1481 4352 1582 4412 eciam
1607 4349 1775 4411 matricam
1800 4356 1833 4409 et

276 4477 381 4528 actum
407 4467 586 4547 predictum
608 4467 649 4528 de
672 4466 837 4528 solucione
860 4465 893 4528 V
916 4483 1094 4526 marcarum
1118 4462 1158 4525 de
1182 4462 1275 4524 dictis
1291 4461 1389 4532 villis,
1412 4469 1508 4539 prout
1525 4477 1622 4538 supra
1638 4455 1834 4528 continetur,

277 4593 348 4636 esse
371 4573 475 4636 valida
498 4583 531 4638 et
552 4585 629 4648 rata,
653 4572 732 4635 firmi
757 4573 884 4635 roboris
908 4581 941 4634 et
964 4570 1102 4634 veridice
1126 4569 1322 4649 conscripta.

490 4767 532 4828 A.
562 4783 652 4846 1433,
676 4767 783 4829 Martii
803 4767 833 4847 6,
856 4765 886 4827 in
912 4763 1063 4846 capitulo.

385 4905 445 4973 94.
470 4909 505 4987 (Ι.
529 4923 569 4988 95
579 4909 639 4988 ⁰)..
665 4907 785 4969 Vener.
809 4907 867 4968 viri
888 4907 941 4968 dni
962 4906 1103 4986 Jacobus
1125 4905 1294 4967 archidiae.
1319 4913 1351 4966 et
1374 4901 1532 4964 Albertus
1562 4899 1603 4962 de
1625 4896 1832 4979 Jaroschewo

277 5017 450 5079 canonicus
484 5017 580 5078 Pozn.
605 5036 712 5078 vener.
738 5027 770 5077 et
793 5014 906 5077 honor.
930 5015 1016 5076 viros
1047 5013 1130 5075 dnos
1160 5012 1374 5093 Predvogium
1405 5010 1445 5072 de
1468 5007 1590 5071 Grandi
1626 5005 1828 5088 prepositum

278 5121 417 5196 Gnezn.,
440 5123 597 5186 Mathiam
622 5123 909 5201 Dryadecanum,
932 5120 1103 5182 Nicolaum
1135 5117 1342 5181 scolasticum
1364 5125 1556 5196 ceterosque
1579 5114 1662 5176 dnos
1686 5111 1832 5192 prelatos

278 5239 310 5294 et
333 5230 507 5292 canonicos
531 5228 749 5310 capitulariter
779 5238 1000 5310 congregatos
1030 5226 1266 5308 requisiverunt
1292 5225 1405 5308 vigore
1433 5223 1610 5286 litterarum
1634 5220 1709 5282 Rmi
1732 5219 1834 5301 patris

279 5409 449 5417 ...n—...—

387 5509 405 5579 ¹)
426 5511 503 5560 Pelna
521 5511 581 5560 data
601 5510 712 5574 opiewu:
744 5509 809 5558 ‚Die
834 5509 923 5558 Martis
943 5508 993 5556 VlI
1012 5525 1044 5557 m.
1066 5507 1181 5568 Martius
1208 5506 1391 5572 bezposrednio
1418 5505 1581 5569 nastepujues
1600 5501 1702 5570 zapiska
1719 5501 1767 5568 jest
1787 5511 1836 5554 za,

280 5603 379 5665 Marcu
400 5601 488 5651 nobee
508 5610 567 5666 tego
587 5599 752 5650 konieczuosc'
771 5598 918 5666 emenducyi
937 5613 970 5648 na
988 5599 1013 5647 d.
1034 5609 1049 5660 3
1069 5597 1156 5648 Marce
1174 5612 1245 5646 sams
1263 5611 1334 5662 praez
1352 5595 1389 5662 sie
1407 5595 1443 5662 sie
1462 5609 1572 5644 nasuwa.
