4416 6366
936 564 1031 616 ACTA
1050 563 1213 618 CAPI'I'IILI
1237 563 1493 618 romnumnsts

755 659 908 666 ψ
921 659 972 665 —-—
988 661 1039 665 -—
1064 660 1204 666 ——-.--
1232 660 1359 666 -.--.-.-
1376 661 1502 666 .....„-.-——
1554 661 1989 670 ——-.—.-—-—-..-.-———-

648 777 690 840 A.
721 781 818 858 1483,
843 778 911 841 lulii
937 796 988 852 20,
1013 779 1045 842 in
1069 780 1222 862 capitulo.

540 918 625 986 718.
665 922 734 1004 (IV.
760 923 823 1002 75).
862 922 985 986 Ibidem
1018 924 1153 986 veniens
1187 923 1318 1004 magnif.
1351 925 1434 986 dnus
1465 922 1607 987 Mathias
1635 923 1676 986 de
1700 923 1803 1006 B'nyn.
1829 922 1990 1006 palatinus

435 1029 571 1091 Poznan.
596 1040 629 1091 et
652 1030 844 1109 capitaneus
868 1029 1002 1092 Maioris
1031 1030 1164 1092 Polonie
1197 1029 1356 1111 generalis
1385 1039 1540 1112 tanquam
1568 1041 1762 1111 procurator
1793 1030 1857 1093 Rdi
1891 1031 1991 1112 patris

434 1135 487 1197 dni
511 1135 595 1198 Petri
619 1137 659 1197 de
684 1135 779 1216 Bnyn
804 1136 899 1198 electi
925 1136 1109 1199 confirmati
1131 1137 1268 1198 ecclesie
1293 1135 1542 1200 Praemisliensis
1565 1147 1599 1200 et
1622 1139 1769 1200 canonici
1795 1137 1936 1200 Poznan:
1958 1147 1991 1198 et

434 1242 516 1306 dnus
540 1241 792 1323 Gylowieczsky
816 1243 935 1305 ibidem
961 1244 1176 1325 personaliter
1199 1245 1367 1306 constituti
1391 1265 1433 1306 ex
1457 1245 1554 1307 certis
1577 1245 1683 1306 causis
1705 1245 1830 1307 anImos
1846 1245 1989 1325 ipsorum

434 1350 474 1412 ad
500 1350 531 1412 id
554 1349 775 1422 moventibus,
800 1349 907 1422 villas,
932 1371 1013 1432 quas
1036 1370 1056 1412 a
1079 1350 1173 1412 nobis
1198 1351 1229 1412 in
1253 1351 1499 1431 prestimonium
1523 1351 1686 1425 obtinent,
1718 1351 1750 1414 id
1773 1362 1824 1415 est
1846 1351 1990 1433 prelatus

434 1456 525 1538 Epus
549 1456 766 1537 Nyeslabyno
789 1467 822 1518 et
845 1455 928 1519 dnus
952 1454 1204 1537 Gylowieczslry
1222 1455 1450 1532 Garaschewo,
1473 1457 1615 1520 vicisSIm
1639 1467 1914 1539 permutaverunt,
1937 1458 1989 1532 ita,

435 1563 523 1644 quod
546 1563 651 1626 dictus
675 1563 757 1626 dnus
781 1563 870 1645 Epus
891 1561 1113 1626 Garaschewo
1135 1575 1169 1626 et
1184 1562 1268 1626 dnus
1284 1561 1540 1644 Gylowieczslry
1555 1559 1771 1646 Nyeslabyno
1787 1561 1987 1650 [habebuntl

434 1690 531 1752 quarn
556 1671 832 1750 permutacionem
856 1691 916 1732 nos
940 1670 1152 1734 admittentes
1177 1681 1210 1734 et
1233 1680 1341 1734 ratam
1361 1669 1523 1734 habentes
1538 1673 1666 1753 utrique
1683 1671 1725 1734 ad
1741 1671 1991 1736 colonosdicta·

435 1797 504 1840 rum
528 1776 673 1839 villarum
699 1777 834 1850 litteras
860 1788 895 1841 ut
920 1777 999 1858 ipsis
1024 1777 1193 1850 obediant,
1219 1777 1421 1841 decrevimus
1446 1777 1515 1841 iore
1540 1777 1673 1842 daodas.

649 1969 692 2034 A.
724 1973 803 2050 1483
843 1969 988 2052 Augusti
1018 1973 1068 2045 16,
1093 1971 1124 2033 in
1149 1971 1301 2053 capitulo.

544 2109 628 2178 720.
652 2113 720 2194 (IV.
744 2113 811 2194 75⁰)
825 2161 853 2178 ..
878 2112 1064 2195 Religiosus
1089 2113 1188 2176 frater
1210 2111 1353 2176 Michael
1376 2113 1463 2194 prior
1486 2113 1671 2178 monasterii
1696 2113 1853 2196 Corporis
1873 2111 1992 2176 Christi

436 2221 585 2284 submisit
607 2241 643 2282 se
667 2220 854 2283 satisfacere
878 2241 939 2302 pro
963 2241 1064 2302 pena,
1093 2240 1190 2302 quam
1215 2241 1275 2301 pro
1299 2221 1458 2284 violencia
1495 2221 1632 2284 ecclesie
1665 2219 1842 2286 cathedrali
1865 2231 1900 2283 et
1922 2237 1992 2302 per-

436 2329 524 2390 sonis
548 2329 725 2390 circaeam
749 2327 965 2392 residentibus
989 2330 1019 2390 in
1045 2347 1174 2390 summo
1191 2327 1329 2390 Poznan.
1348 2327 1471 2410 [illata],
1495 2327 1653 2391 mandans
1668 2327 1830 2392 violenter
1846 2327 1990 2408 recipere

436 2435 476 2496 de
500 2434 658 2497 cimiterio
681 2433 824 2497 eiusdem
848 2435 985 2497 ecclesie
1010 2434 1142 2498 fratrem
1166 2433 1363 2498 Stanislaum
1388 2434 1546 2516 Capusta,
1577 2435 1765 2510 incurrerat,
1797 2434 1885 2497 Rmo
1908 2433 1992 2516 patri

436 2542 501 2605 dno
525 2541 598 2623 Epo
623 2541 760 2604 Poznan.
783 2541 858 2604 hinc
882 2551 916 2604 et
940 2541 1059 2604 festum
1085 2562 1108 2604 s.
1134 2543 1276 2616 Martini,
1302 2544 1326 2605 si
1352 2563 1409 2606 sua
1433 2541 1510 2605 Ptas
1533 2541 1618 2604 Rma
1634 2540 1696 2604 huc
1713 2540 1889 2614 advenerit
1913 2540 1992 2603 alias

435 2649 476 2712 ad
501 2650 638 2730 primum
662 2669 719 2712 sue
743 2647 810 2712 Ptis
833 2650 865 2710 in
889 2647 1083 2711 Poznaniam
1108 2648 1295 2712 adventum.

648 2841 691 2904 A.
720 2845 817 2921 1483,
842 2841 1041 2905 Novembris
1070 2857 1124 2921 13,
1149 2842 1180 2902 in
1204 2840 1348 2923 capitulo
1371 2841 1525 2923 generali.

543 2979 629 3050 721.
666 2983 734 3063 (IV.
759 2983 836 3066 77⁰).
870 2983 952 3046 Item
984 2984 1056 3048 dnis
1083 2983 1219 3048 Hectori
1254 2994 1288 3046 11
1310 2981 1528 3064 Zalrrzewsky
1565 3003 1624 3065 pro
1649 3003 1698 3054 eo,
1734 2981 1824 3065 quod
1846 2981 1993 3046 fecerunt

436 3090 638 3172 diligenciam
663 3099 696 3152 et
720 3090 848 3153 labores
872 3089 1053 3153 ordinando
1088 3090 1204 3172 vigiles
1241 3102 1307 3153 tam
1336 3089 1468 3154 diurnos
1503 3110 1600 3170 quam
1636 3099 1814 3154 nocturnos
1850 3101 1885 3154 ct
1906 3099 1993 3153 ante·

437 3197 568 3260 muralia
593 3207 654 3260 etc.
679 3217 738 3278 per
760 3195 840 3260 duas
864 3217 989 3259 marcas
1013 3197 1229 3260 donaverunt.

545 3335 631 3405 722.
656 3338 757 3420 1111111.)
781 3338 862 3402 Item
886 3337 986 3401 dnum
1007 3338 1165 3402 decanum
1189 3338 1362 3402 voluerunt
1385 3337 1506 3400 habere
1530 3357 1595 3420 pro·
1614 3347 1767 3420 presente
1790 3338 1831 3400 ad
1848 3335 1993 3400 reiectio·

437 3467 508 3520 nes,
545 3447 714 3528 exequiaS,
750 3446 843 3508 bulas
867 3457 901 3509 et
934 3445 1013 3509 alias
1037 3446 1271 3521 obventioneS,
1307 3444 1460 3528 quamdiu
1484 3445 1515 3506 in
1540 3444 1670 3508 civitate
1695 3442 1833 3508 Poanan.
1858 3453 1993 3526 propter

437 3563 558 3618 metum
581 3553 723 3616 hostium
747 3552 936 3616 morabitur.

650 3746 692 3810 A.
722 3749 817 3826 1483,
841 3745 1031 3809 Decembris
1057 3762 1092 3819 2,
1119 3745 1150 3808 in
1176 3745 1330 3827 capitulo.

546 3885 633 3955 723.
658 3889 726 3970 (IV.
749 3890 813 3969 78).
840 3889 922 3953 Item
945 3889 1001 3952 dni
1024 3890 1252 3963 decreverunt,
1277 3889 1366 3972 quod
1389 3888 1444 3951 dni
1467 3888 1626 3962 decanus,
1649 3885 1855 3962 scolasticus,
1879 3883 1993 3949 Strzal·

437 3997 585 4078 kowsky,
616 3997 740 4072 doctor,
772 3995 998 4077 Carczewsky,
1030 3997 1084 4078 qui
1107 4007 1240 4059 manent
1264 3997 1295 4058 in
1319 3997 1449 4058 civitate
1472 4003 1607 4077 propter
1632 4003 1753 4056 metum
1777 3991 1935 4066 hostiam,
1958 4001 1994 4054 et

436 4105 487 4168 alii
511 4105 565 4166 dni
590 4104 704 4185 prelati
728 4115 761 4166 11
785 4105 947 4175 canonici,
979 4105 1005 4166 si
1037 4105 1092 4186 qui
1121 4097 1164 4166 ex
1194 4103 1287 4166 simili
1318 4123 1416 4166 causa
1446 4101 1488 4163 ad
1516 4101 1680 4164 civitatem
1705 4120 1740 4162 se
1764 4097 1993 4180 transtulerint,

437 4214 539 4274 eciam
563 4213 588 4274 si
613 4210 654 4272 ad
678 4191 848 4274 ecclesiam
872 4209 1090 4274 cathedralem
1107 4231 1171 4274 non
1189 4211 1372 4288 ulsitarent,
1395 4207 1564 4272 habebunt
1581 4205 1782 4282 refectiones,
1798 4204 1992 4288 exequiales,

437 4338 539 4400 panes
562 4328 595 4381 et
618 4317 711 4392 aliaS,
735 4317 761 4378 si
786 4337 849 4397 que
872 4317 1115 4400 contingerent,
1140 4317 1372 4380 obvenciones.

651 4510 694 4580 A.
725 4512 824 4590 1484,
849 4509 956 4575 Martii
985 4525 1021 4592 17
1038 4511 1071 4592 ¹),
1095 4513 1127 4573 in
1151 4511 1307 4592 capitulo.

547 4648 633 4718 724
656 4652 722 4734 (IV.
748 4653 811 4730 82).
836 4652 917 4716 Item
934 4653 1173 4733 deputaverunt
1195 4653 1280 4714 dnos
1296 4650 1514 4734 prepositum,
1538 4648 1723 4725 officialem,
1748 4645 1994 4729 Strzalkowslry

439 4771 473 4825 et
495 4759 715 4842 Kyelbassam
740 4760 780 4822 ad
805 4759 1006 4823 invitandum
1030 4759 1130 4822 dnum
1154 4760 1461 4840 capitaneum
1494 4775 1675 4832 novum,
1705 4757 1754 4818 cui
1778 4775 1838 4837 pro
1861 4773 1994 4820 munere

438 4887 534 4931 unam
557 4867 659 4931 Italici
682 4868 747 4931 vini
770 4867 906 4930 barilam
929 4866 1070 4929 dandam
1094 4865 1326 4944 decreverunt;
1350 4875 1544 4947 procurator
1566 4873 1665 4927 emet.

653 5061 695 5123 A.
724 5063 823 5138 1484,
846 5059 915 5122 Iulii
944 5077 975 5134 1,
1000 5061 1031 5122 in
1055 5057 1198 5141 capitulo
1221 5057 1373 5142 generali.

547 5200 632 5268 725.
665 5201 732 5282 (IV.
758 5201 852 5282 84)..
887 5203 1006 5264 Vener.
1037 5201 1090 5263 dni
1123 5200 1284 5264 Iohannes
1317 5199 1519 5280 LesczInslcy
1542 5198 1744 5280 prepositus,
1777 5194 1931 5260 Nicolaus
1953 5195 1996 5258 de

438 5309 557 5374 Scudla
580 5309 794 5383 Srzemensis,
829 5309 1025 5372 Vincencius
1055 5307 1096 5371 de
1120 5305 1322 5370 Strzalkowo
1355 5306 1554 5370 Pczewensis
1578 5303 1811 5379 archidiaconi,
1845 5303 1995 5366 Andreas

460 5488 750 5497 --—--—-—--——-

549 5607 566 5680 ¹)
587 5611 656 5660 Data
675 5625 697 5659 w
716 5607 860 5675 orygiuale:
883 5607 948 5657 »Die
966 5607 1085 5656 Mercurii
1103 5603 1191 5655 XVIII
1209 5605 1312 5655 Martii«
1331 5605 1381 5672 jest
1399 5605 1502 5672 bledna.
