4416 6366
429 593 488 639 120
953 578 1046 628 ACTA
1065 577 1226 628 CAPITULI
1246 577 1501 629 POZNANIENSIS

422 791 453 852 in
477 788 707 853 Gneznam
733 793 848 853 iturum
873 793 904 853 in
928 792 1015 856 facto
1039 791 1199 855 sinodi
1224 791 1579 871 Lanciciensis;
1604 813 1744 856 marcam
1769 793 1828 856 sibi
1846 813 1906 874 pro
1922 814 1975 855 ex·

421 901 531 979 pensis
555 898 771 970 donaverunt,
799 919 896 981 quam
921 899 1004 962 dnus
1024 897 1292 980 Gylowyeczsky
1315 899 1356 962 de
1373 902 1508 980 pecunia
1525 899 1777 964 contribucionis
1793 901 1898 978 dabit;
1921 901 1974 962 dni

420 1005 447 1067 si
471 1003 548 1086 quid
571 1005 760 1087 contigerit,
785 1007 1003 1086 promiserunt
1027 1007 1133 1087 ipsum
1158 1006 1293 1069 reddere
1317 1006 1535 1089 indempnem.

633 1217 676 1280 A.
708 1231 802 1297 1473,
826 1217 895 1281 Iulii
921 1233 953 1296 3,
979 1218 1009 1280 in
1035 1218 1177 1298 capitulo
1201 1217 1352 1300 generali.

528 1336 717 1438 625.'(111.
748 1361 829 1439 144).
867 1360 947 1422 Item
979 1361 1203 1430 attendentes,
1238 1359 1327 1440 quod
1359 1359 1401 1421 ab
1426 1359 1584 1422 altissimo
1608 1370 1717 1422 creata
1741 1361 1782 1424 sit
1806 1360 1970 1432 medicina,

421 1475 516 1544 prout
540 1475 720 1528 attestatur.
752 1466 863 1530 ihesus
887 1465 1000 1548 Syrak,
1026 1477 1059 1530 et
1084 1467 1131 1530 vir
1154 1466 1297 1548 prudens
1320 1486 1387 1528 non
1411 1465 1598 1528 abhorrebit
1622 1467 1709 1528 illam
1727 1466 1890 1529 favoribus
1906 1487 1974 1547 pro-

420 1573 510 1652 sequi
534 1571 706 1653 aliquibuS,
732 1573 880 1637 volentes
906 1585 1084 1654 maystrum
1111 1575 1284 1636 Martinum
1318 1573 1357 1636 de
1381 1572 1533 1636 Lancicia
1562 1575 1730 1656 egregium
1754 1575 1785 1636 in
1810 1573 1975 1636 medicinis

420 1679 605 1750 doctorem,
631 1690 665 1742 ut
688 1701 727 1742 eo
744 1679 934 1762 diligencior
951 1691 1038 1744 esset
1054 1681 1095 1744 ad
1113 1681 1257 1760 prelatos
1275 1691 1307 1744 et
1323 1681 1499 1744 canonicos
1515 1680 1659 1744 eiusdem
1676 1681 1811 1744 ecclesie
1827 1681 1975 1754 Poznan.,

420 1785 460 1846 ad
485 1805 566 1865 quos
591 1787 695 1866 ipsum
720 1789 826 1849 vocari
851 1789 1070 1869 contingeret,
1095 1798 1128 1850 et
1151 1807 1259 1850 curam
1283 1787 1451 1850 adhiberet
1476 1789 1694 1864 exacciorem,
1718 1787 1866 1870 quamdiu
1891 1788 1973 1850 circa

420 1893 555 1954 eandem
579 1893 748 1956 ecclesiam
772 1895 982 1957 residenciam
1006 1894 1117 1957 fecerit
1142 1895 1363 1974 personalem,
1387 1895 1428 1956 de
1452 1897 1560 1977 gracia
1577 1895 1708 1976 speciali
1732 1895 1871 1958 eundem
1888 1913 1974 1975 may·

420 2009 521 2062 strum
540 2000 696 2079 phisicum
714 2001 906 2082 participare
930 2001 1100 2064 voluerunt
1124 2003 1164 2063 de
1188 2001 1420 2064 reseccionibus
1444 2003 1670 2083 quottidianis‚
1694 2001 1919 2064 anniversariis
1942 2013 1975 2064 et

422 2107 559 2186 panibus
583 2109 614 2168 in
639 2107 744 2188 equali
768 2109 939 2188 porcione,
971 2119 1127 2190 tanquam
1159 2108 1252 2170 alicui
1284 2129 1326 2170 ex
1349 2109 1420 2170 dnis
1441 2109 1574 2189 prelatis
1598 2119 1631 2172 et
1654 2109 1818 2171 canonicis
1842 2107 1974 2190 prelatis

422 2213 606 2288 obvenerit,
629 2225 662 2276 et
687 2215 876 2296 participem
902 2235 974 2278 esse
998 2235 1056 2296 per
1079 2227 1248 2296 presentes
1273 2215 1496 2279 decreverunt.

635 2425 678 2488 A.
708 2441 802 2506 1473,
827 2426 1024 2490 Novembris
1053 2439 1106 2507 15,
1131 2427 1162 2488 in
1186 2426 1329 2508 capitulo
1354 2427 1506 2510 generali.

529 2563 616 2632 626.
640 2567 703 2648 (ΙΙΙ.
733 2568 830 2646 146⁰).
854 2567 936 2630 Item
961 2567 1104 2648 prelatus
1128 2568 1209 2632 dnus
1233 2569 1324 2650 Epus
1346 2569 1547 2634 attendendo
1571 2567 1707 2650 plurima
1728 2567 1887 2638 scandala,
1912 2587 1974 2648 que

421 2695 463 2736 ex
495 2687 605 2738 mutua
636 2673 883 2738 cohabitacione
918 2675 1107 2737 clericorum
1143 2685 1176 2738 et
1211 2675 1378 2738 mulierum
1413 2675 1603 2758 plerumque
1638 2675 1845 2740 suboriuntur
1877 2683 1975 2754 atque

421 2791 541 2844 statum
558 2781 736 2844 clericalem
753 2781 840 2862 apud
857 2781 955 2844 laicos
972 2781 1206 2844 detestabiliter
1222 2781 1386 2856 infamant,
1412 2783 1577 2844 mandavit
1593 2793 1692 2863 atque
1707 2783 1840 2844 omnino
1856 2779 1975 2842 habere

422 2887 538 2962 voluit,
567 2888 717 2969 quatinus
741 2907 855 2952 omnes
879 2898 912 2952 et
935 2889 1052 2971 singuli
1077 2887 1191 2969 prelati
1214 2899 1247 2952 et
1272 2889 1434 2962 canonici,
1467 2889 1493 2952 si
1522 2891 1718 2972 quiessent,
1750 2888 1804 2970 qui
1827 2887 1975 2950 mulieres

420 2997 552 3058 iuvenes
575 3007 608 3057 et
631 3005 800 3076 suspectas
823 2997 855 3058 in
879 2997 943 3058 suis
967 2995 1117 3058 domibus
1141 2996 1289 3058 soverent
1312 3007 1368 3059 aut
1392 2996 1655 3060 subintroductas
1672 3004 1900 3076 acceptarent,
1924 3015 1974 3056 ex·

422 3123 506 3164 nunc
531 3103 728 3166 dimitterent
752 3111 997 3166 commanentes
1020 3115 1118 3183 atque
1141 3103 1406 3166 subintroductas
1431 3105 1560 3184 penitus
1584 3104 1784 3176 abdicarent,
1816 3101 1974 3182 incorrigi-

421 3209 502 3272 biles
526 3211 617 3292 penis
641 3230 701 3291 pro
724 3210 856 3274 arbitrio
880 3231 937 3273 sue
960 3209 1165 3274 Paternitatis
1191 3209 1371 3292 infligendis
1395 3210 1552 3272 mulctare
1576 3209 1780 3272 cominando.

634 3419 677 3484 A.
708 3435 807 3502 1474,
831 3421 937 3484 Martii
966 3435 1013 3502 17,
1037 3423 1070 3484 in
1093 3421 1244 3504 capitulo.

530 3557 617 3628 627.
653 3561 714 3644 (ΙΙΙ.
743 3563 857 3644 148)..
894 3563 1014 3626 Vener.
1047 3563 1145 3626 dni..
1181 3562 1310 3648 [prelati
1341 3575 1374 3627 et
1407 3561 1564 3646 canonici]
1600 3563 1838 3644 deputaverunt
1872 3560 1970 3624 dnum

421 3669 681 3734 archidiaconum
704 3668 926 3734 Srzemensem
950 3670 992 3733 ad
1015 3671 1230 3734 sinodum
1263 3667 1451 3734 Gnezne
1475 3669 1718 3740 celebrandam,
1750 3667 1799 3730 cui
1831 3687 1891 3748 pro
1918 3687 1972 3730 ex·

422 3779 532 3858 pensis
556 3778 759 3841 donaverunt
782 3797 878 3840 unam
903 3797 1043 3840 marcam
1067 3797 1141 3840 cum
1165 3777 1280 3840 media.

635 3989 678 4052 A.
706 4003 804 4070 1474,
828 3987 906 4052 lunii
935 3989 1013 4070 11¹),
1036 3989 1067 4050 in
1092 3988 1245 4070 capitulo.

529 4127 615 4196 628.
651 4127 718 4213 (ΙΙΙ.
752 4129 835 4214 149).
871 4129 994 4194 ibidem
1029 4129 1266 4194 mandaverunt
1301 4129 1367 4192 dno
1402 4128 1618 4211 Rogalinsky,
1649 4129 1800 4210 quatinus
1832 4125 1972 4188 dedisset

421 4239 487 4303 XX
510 4239 578 4302 flor.
603 4239 748 4320 Hungar.
780 4257 838 4318 per
861 4239 945 4301 dnos
976 4241 1177 4320 prepositum
1202 4249 1235 4301 et
1258 4237 1403 4318 Mlinsky
1427 4235 1506 4300 Smo
1534 4236 1600 4299 dno
1634 4235 1876 4298 Kazimiro
1908 4231 1974 4314 regi

421 4347 571 4420 Polonie,
596 4347 651 4427 qui
673 4355 751 4410 tunc
774 4343 968 4408 Poznaniam
992 4345 1184 4420 advenerat,
1209 4365 1252 4408 ex
1275 4356 1367 4426 parte
1390 4343 1522 4425 capituli
1546 4343 1634 4406 dono
1657 4339 1852 4404 offerendos.

635 4539 679 4602 A.
709 4553 806 4619 1474,
831 4538 910 4601 lunii
935 4555 984 4618 30,
1010 4539 1041 4601 in
1065 4539 1209 4620 capitulo
1233 4538 1386 4620 generali.

529 4679 617 4747 629.
644 4681 706 4764 (ΙΙΙ.
729 4683 825 4763 149⁰).
842 4680 1065 4762 Capitulum
1082 4681 1266 4764 generale
1282 4701 1342 4762 pro
1359 4679 1443 4742 sesto
1460 4679 1490 4742 b.
1507 4679 1730 4761 apostolorum
1744 4677 1828 4740 Petri
1842 4687 1875 4738 et
1888 4671 1973 4736 Pauli

422 4789 620 4853 celebratum
636 4809 722 4852 anno
739 4787 793 4851 dni
809 4787 1112 4853 MCCCCLXXlV.
1138 4789 1261 4852 Ultima
1277 4787 1356 4850 lunii
1374 4809 1480 4852 vener.
1498 4785 1551 4849 dni
1569 4787 1717 4857 decanus,
1733 4783 1973 4846 archidiaconus

422 4896 620 4978 Goslubslry,
637 4907 759 4971 cantor,
776 4909 899 4973 custos,
915 4897 1119 4969 scolasticus,
1136 4896 1380 4959 archidiaconus
1397 4893 1608 4970 Srzemensis,
1624 4891 1849 4973 Sandivogius,
1869 4889 1971 4972 Roga·

421 5005 532 5080 linski,
557 5003 692 5080 Costen,
716 5004 954 5086 Pleschewsky,
977 5003 1156 5084 Skoczsky,
1181 5003 1343 5066 lohannes
1367 5002 1409 5065 de
1431 5001 1586 5083 Popowo,
1615 4999 1747 5074 Hector,
1779 4996 1970 5076 lablowsky,

422 5113 599 5199 Czaczslry‚
630 5112 788 5178 Martinus
811 5114 851 5177 de
875 5111 1120 5196 Nyechanowo,
1152 5109 1308 5173 Nicolaus
1334 5109 1482 5189 Xansky,
1514 5107 1710 5170 Wladislaus
1740 5103 1781 5168 de
1805 5103 1970 5176 Poznania,

421 5221 582 5284 lohannes
605 5221 751 5302 Xanslry,
781 5220 938 5284 Albertus
962 5221 1003 5284 de
1028 5218 1109 5300 Gay,
1142 5217 1279 5280 lacobus
1304 5215 1344 5278 de
1369 5215 1530 5288 Dambno,
1561 5213 1741 5278 Stanislaus
1765 5212 1805 5275 de
1828 5208 1970 5292 Smygel.

424 5399 669 5406 --—.-...——---
681 5399 732 5406 ..—

530 5519 549 5588 ¹)
568 5521 636 5580 Data
654 5521 836 5570 zamiesaczona
856 5537 877 5568 w
896 5519 1040 5585 oryginnle:
1070 5519 1134 5567 »Die
1153 5517 1252 5566 Saturni
1272 5515 1339 5566 XIll
1359 5515 1439 5564 Iunii«
1460 5516 1510 5579 jest
1529 5514 1637 5578 bledn43
1671 5523 1702 5574 13
1721 5512 1838 5560 Crerwca
1858 5505 1970 5574 wypadal

424 5629 446 5662 w
465 5627 483 5659 r.
508 5621 586 5673 1474,
606 5627 639 5660 ua
658 5609 842 5659 Poniedzialelr.
