4458 6356
946 587 1043 638 ACTA
1063 587 1228 640 CAPITULI
1246 585 1502 638 POZNANIENSIS

1080 679 1257 687 ——-
1276 679 1362 686 --.
1397 679 1990 688 -ῌ--ι--α-φ-ι--ω-η

645 801 689 865 Α.
720 818 812 882 1447,
837 801 1033 865 Novembris
1063 815 1116 882 15,
1142 802 1173 864 in
1198 801 1341 882 capitulo
1366 801 1520 884 generali.

542 941 628 1010 343.
654 943 706 1026 (ll.
731 944 811 1024 91⁰).
837 943 918 1008 Item
944 943 1061 1006 ibidem
1091 943 1146 1006 dni
1169 943 1261 1025 Epus
1285 953 1318 1006 et
1342 943 1518 1026 capitulum
1551 945 1686 1008 ecclesie
1717 943 1856 1007 Poznan.
1881 965 1989 1026 supra-

434 1053 544 1133 scripti
567 1053 608 1114 ad
633 1063 710 1115 vota
734 1063 767 1116 et
790 1052 947 1114 desideria
971 1073 1008 1114 ac
1033 1053 1134 1132 petita
1159 1051 1235 1113 Rmi
1258 1051 1359 1134 patris
1383 1051 1437 1113 dni
1461 1050 1629 1114 Vincencii
1654 1071 1679 1113 s.
1704 1049 1840 1114 ecclesie
1865 1049 1987 1114 Gnezn.

433 1159 590 1241 Archiepi
614 1169 647 1221 et
670 1160 817 1240 primatis
840 1168 917 1221 tunc
941 1179 1015 1222 cum
1047 1161 1093 1240 eis
1117 1159 1330 1240 personaliter
1353 1160 1385 1220 in
1409 1158 1552 1240 capitulo
1585 1157 1756 1221 existentis
1787 1157 1989 1222 donaverunt

433 1268 465 1328 in
490 1277 682 1347 perpetuum
707 1266 842 1329 ecclesie
865 1265 1037 1348 collegiate
1061 1266 1215 1348 erigende
1240 1267 1271 1327 in
1297 1266 1449 1328 Dambno
1472 1267 1503 1328 in
1530 1265 1726 1346 patrimonio
1750 1266 1827 1329 dicti
1851 1266 1905 1327 dni
1928 1265 1991 1328 Ar·

433 1373 538 1454 chiepi
562 1384 595 1435 et
618 1393 678 1454 pro
702 1373 943 1436 sustentacione
968 1373 1155 1436 clericorum
1179 1375 1211 1435 in
1236 1373 1348 1436 eadem
1374 1372 1516 1436 fertones
1540 1373 1715 1436 decimales
1739 1393 1851 1436 mense
1867 1373 1990 1455 episco-

432 1480 515 1562 palis
538 1481 677 1542 Poznan.
701 1481 732 1542 in
756 1481 838 1543 villis
855 1481 1111 1561 Byesdzadowo,
1136 1481 1167 1542 in
1184 1479 1359 1542 Szolkowo
1376 1493 1408 1544 et
1424 1481 1454 1542 in
1472 1479 1664 1552 Raschew0,
1689 1499 1817 1542 necnon
1832 1480 1989 1543 decimam

434 1587 667 1668 manipularem
692 1599 725 1650 et
749 1587 803 1649 lini
827 1590 856 1650 in
883 1585 1069 1669 Smylowo,
1099 1589 1144 1652 ita
1164 1598 1289 1662 tamen,
1322 1589 1409 1668 quod
1435 1587 1578 1667 prelatus
1603 1587 1686 1650 dnus
1710 1586 1895 1668 Archiepus
1918 1607 1991 1650 con·

434 1705 541 1758 tentet
564 1695 782 1758 venerabilem
807 1695 906 1758 dnum
930 1693 1113 1777 Philippum
1138 1696 1341 1758 decretorum
1359 1695 1527 1758 doctorem
1544 1715 1642 1775 super
1658 1694 1779 1756 eisdem
1804 1693 1990 1766 senonibus,

433 1823 516 1884 quos
540 1802 640 1865 habet
664 1802 695 1864 in
719 1803 877 1884 graciam,
902 1814 958 1866 aut
981 1803 1139 1866 sustineat
1162 1821 1235 1864 eum
1260 1801 1290 1864 in
1315 1802 1436 1864 eisdem
1461 1822 1562 1884 usque
1586 1801 1626 1864 ad
1652 1811 1801 1883 tempora
1825 1805 1890 1864 vite
1913 1803 1991 1864 eius·

434 1910 507 1972 dem
532 1909 586 1972 dni
610 1909 748 1990 Philippi
771 1909 932 1984 doctoris,
964 1910 1052 1990 quod
1077 1909 1239 1991 pollicitus
1270 1920 1320 1972 est
1344 1929 1380 1972 se
1403 1908 1561 1972 facturum
1593 1911 1623 1971 in
1649 1909 1878 1991 designacione
1902 1909 1991 1972 vocis

434 2028 533 2098 atque
556 2015 676 2080 carthe.
1969 2021 1970 2026 ’

646 2193 689 2256 Α.
719 2208 810 2274 1447,
834 2191 1029 2256 Novembris
1058 2207 1104 2272 17,
1128 2193 1160 2254 in
1185 2193 1327 2274 capitulo
1352 2194 1503 2276 generali.

542 2329 627 2400 344.
653 2333 705 2414 (ll.
729 2335 794 2414 92).
830 2333 994 2398 Statutum
1030 2335 1071 2397 de
1095 2335 1176 2400 villis
1213 2335 1515 2417 prestimonialibus.
1540 2374 1582 2382 -
1607 2337 1668 2400 Die
1704 2337 1842 2400 Veneris
1876 2338 1990 2400 eodem

434 2443 571 2504 durante
594 2441 736 2522 capitulo
771 2441 914 2524 generali
950 2439 1015 2526 [dni
1047 2443 1163 2523 prelati
1195 2453 1228 2505 et
1260 2443 1405 2506 canonici
1437 2443 1572 2506 ecclesie
1596 2444 1747 2528 Pozmn]
1778 2445 1992 2516 attendentes,

434 2550 523 2632 quod
546 2549 601 2611 dni
626 2549 800 2612 limitantes
833 2549 925 2612 villas
948 2549 1094 2630 capituli,
1130 2569 1212 2632 quas
1236 2561 1363 2632 regunt,
1400 2551 1496 2612 nichil
1519 2561 1575 2616 aut
1600 2571 1713 2632 parurn
1736 2551 1927 2633 impendunt
1950 2553 1991 2614 de

433 2657 587 2738 propriis,
612 2657 670 2719 sed
702 2655 976 2720 akmethonibus
1011 2657 1183 2720 earundem
1208 2657 1353 2721 villarum
1383 2660 1565 2721 necessaria
1589 2669 1621 2722 et
1645 2659 1794 2722 victualia
1825 2660 1991 2740 recipiunt,

433 2775 616 2828 statuerunt
646 2763 778 2827 firmiter
809 2765 1063 2836 observandum,
1096 2765 1183 2846 quod
1216 2765 1247 2827 in
1280 2765 1399 2830 talibus
1423 2766 1526 2828 sibia
1555 2767 1698 2848 capitulo
1731 2767 1859 2830 racione
1891 2767 1991 2830 huius·

434 2872 522 2934 modi
550 2871 780 2934 limitacionum
812 2872 974 2936 subveniri
1006 2871 1246 2952 postulantibus
1279 2873 1320 2935 de
1356 2883 1466 2936 cetero
1502 2873 1597 2936 nichil
1629 2874 1733 2946 detur,
1768 2873 1828 2956 ipsi
1863 2893 1992 2956 quoque

433 2979 630 3043 tenebuntur
653 2979 807 3060 impensis
831 2981 970 3061 propriis
994 2979 1139 3054 limitare,
1164 2991 1197 3042 et
1221 2979 1246 3042 si
1271 2981 1430 3062 quispiam
1457 3001 1568 3044 eorum
1592 2981 1700 3043 villam
1724 2981 1870 3062 capituli,
1895 3002 1990 3064 quarn

434 3087 525 3169 regit,
560 3107 618 3168 per
653 3107 743 3150 suam
780 3087 1014 3169 negligenciam
1050 3087 1079 3148 in
1115 3086 1223 3168 aliquo
1256 3088 1432 3168 peiorabit‚
1468 3099 1588 3151 extunc
1625 3089 1793 3152 convictus
1828 3087 1991 3170 fidedigno

433 3195 621 3258 testimonio
645 3196 718 3277 ipso
742 3195 828 3260 lacto
851 3196 964 3258 eadem
988 3195 1029 3257 sit
1053 3195 1208 3274 privatus.

542 3333 629 3402 345.
655 3335 759 3420 (lbid.)
790 3337 871 3400 Item
907 3337 972 3399 dno
1007 3337 1095 3399 Luce
1130 3337 1275 3419 palatino
1311 3339 1392 3404 duas
1416 3340 1591 3403 maldratas
1627 3359 1730 3402 avene
1765 3349 1798 3402 et
1822 3339 1888 3401 duo
1911 3359 1990 3402 vasa

433 3445 567 3508 cervisie
591 3465 651 3526 pro
674 3443 922 3507 honorificencia
946 3444 1158 3508 donaverunt.

646 3638 690 3702 A.
720 3641 810 3720 1448,
835 3637 1000 3702 Februarii
1029 3651 1076 3720 15,
1100 3638 1132 3700 in
1155 3639 1308 3722 capitulo

542 3775 704 3860 846.(11.
729 3779 810 3860 94⁰).
846 3779 908 3843 Die
931 3775 1056 3844 lovis..
1082 3803 1189 3845 vener.
1215 3781 1269 3844 dni
1293 3783 1407 3846 decani
1431 3783 1676 3858 Poznaniensis,
1705 3785 1991 3858 Wladislaviensis,

433 3887 684 3968 Glamboczsky,
716 3886 886 3968 Pnewsky,
927 3899 1045 3962 custos
1086 3889 1341 3972 Praszmowsky,
1381 3890 1532 3964 officialis,
1572 3891 1704 3964 Hector,
1744 3889 1991 3974 Twardowslry,

433 3995 594 4076 Clemens,
617 3993 788 4074 laroslaus‚
811 3993 991 4076 Miroslaus‚
1024 3997 1227 4078 Wladislaus,
1258 3997 1410 4070 Rakvicz,
1443 3995 1604 4062 Iohannes
1628 3999 1808 4081 Vyscothe,
1839 3997 1993 4062 Sandivo

433 4105 513 4185 gius,
537 4102 697 4166 Iohannes
722 4101 762 4163 de
786 4101 941 4183 Popowo,
966 4101 1141 4186 Czaczslry,
1175 4103 1333 4185 Chibsky,
1366 4105 1609 4187 Budzislawsky
1632 4107 1673 4168 ad
1697 4127 1812 4168 sonum
1835 4125 1992 4187 campane

434 4220 512 4273 tunc
536 4210 801 4291 capitulum
827 4211 1057 4292 generale
1082 4212 1112 4273 in
1137 4211 1230 4273 lactis
1265 4211 1402 4276 ecclesie
1436 4223 1469 4276 et
1503 4214 1876 4296 regalibussuper
1899 4215 1992 4277 novis

434 4317 628 4380 molendinis
652 4317 814 4399 erigendis
838 4318 1029 4398 congregati
1054 4319 1266 4382 celebrantes.

542 4456 629 4526 347.
655 4457 706 4542 (II.
730 4460 795 4544 95).
834 4461 915 4522 Dnis
939 4459 1099 4524 Clementi
1132 4471 1165 4524 et
1189 4461 1396 4544 Rogalinsky
1421 4483 1476 4536 eo,
1512 4465 1599 4544 quod
1624 4485 1666 4526 ex
1691 4475 1784 4544 parte
1808 4463 1938 4544 capituli
1962 4465 1993 4526 in

434 4568 550 4631 eodem
581 4567 669 4631 facto
701 4578 733 4631 et
767 4567 897 4649 plebani
929 4570 961 4630 in
992 4567 1079 4631 Gecz
1103 4570 1249 4650 deputati
1287 4571 1411 4632 iverant
1434 4571 1474 4632 ad
1499 4570 1597 4632 dnum
1629 4571 1734 4652 Epum
1762 4571 1791 4632 iu
1817 4570 1992 4646 Czanszim,

435 4676 638 4740 donaverunt
663 4695 747 4739 nunc
772 4675 910 4737 mediam
934 4687 967 4740 et
991 4687 1069 4740 tunc
1094 4675 1134 4762 ¹s2
1159 4697 1311 4740 marcam.
1337 4714 1378 4722 —
1403 4677 1571 4741 Revocata
1596 4687 1646 4742 est
1670 4679 1776 4741 media
1801 4698 1917 4741 marca.

649 4869 692 4932 A.
723 4873 815 4952 1448,
842 4860 1008 4932 Februarii
1034 4887 1084 4947 20,
1108 4871 1139 4933 in
1163 4871 1315 4952 capitulo.

544 5008 631 5078 348.
665 5013 716 5094 (ll.
753 5010 834 5096 95⁰).
871 5012 952 5076 Item
988 5013 1054 5076 dno
1090 5015 1237 5095 Baptiste
1272 5015 1346 5095 Epo
1374 5011 1609 5086 Camerinensi,
1634 5015 1803 5097 legato
1838 5026 1992 5097 tanquam

351 5175 359 5188 .
433 5121 585 5196 alatere,
609 5121 813 5184 donaverunt
837 5121 918 5184 duas
942 5121 1117 5183 maldratas
1141 5141 1259 5196 avene,
1295 5121 1358 5183 duo
1382 5141 1458 5183 vasa
1496 5121 1644 5194 cervisie,
1680 5123 1762 5185 duos
1798 5143 1908 5184 currus
1932 5121 1995 5184 leni

433 5240 468 5294 et
491 5249 551 5292 sex
575 5229 746 5311 lignorum.

648 5370 692 5434 A.
724 5373 815 5451 1448,
840 5371 948 5436 Martii
973 5385 1022 5452 27,
1048 5373 1078 5434 in
1103 5371 1255 5454 capitulo.

544 5509 632 5581 349.
657 5511 709 5597 (ΙΙ.
734 5515 800 5596 96).
838 5515 899 5578 Die
920 5515 1112 5578 Mercurii..
1149 5515 1180 5576 in
1205 5514 1304 5577 domo
1335 5535 1442 5577 vener.
1479 5514 1533 5576 dni
1557 5514 1713 5594 prepositi
1748 5513 1841 5584 idern,
1865 5533 1992 5574 necnon

434 5633 555 5698 custos,
579 5622 822 5699 Praszmowski,
847 5623 980 5699 Hector,
1004 5622 1142 5686 lacobus
1166 5621 1350 5704 Grandsley,
1373 5621 1553 5696 Miroslaus,
1570 5621 1751 5705 Vyscotha,
1767 5619 1992 5704 Sandivogius,
