4416 6366
901 582 990 631 auur
1010 579 1086 634 1172.
1712 600 1772 662 119

220 793 448 854 cleiensem
473 793 557 856 dnos
581 793 751 856 Nicolaum
776 793 946 856 custodem
972 805 1004 856 et
1021 793 1197 856 Iohannem
1214 793 1414 875 Lulrowslry,
1439 795 1555 875 quibus
1571 815 1630 874 per
1646 793 1679 856 V
1696 815 1773 856 mar·

218 918 273 960 cas
298 919 358 980 pro
382 901 536 981 expensis
560 901 778 972 donaverunt,
811 921 893 983 quas
917 902 999 964 dnus
1022 900 1228 983 Rogalinsky
1251 902 1342 964 dabit
1364 901 1405 964 de
1429 903 1573 982 pecuniis
1597 901 1773 964 molendini

219 1015 252 1068 et
275 1005 468 1070 adveniente
492 1006 576 1070 festo
600 1028 624 1070 s.
647 1007 777 1072 Martini
801 1008 841 1070 de
865 1008 1014 1070 censibus
1038 1009 1170 1088 recipiet
1195 1017 1227 1072 et
1252 1019 1389 1090 reponet
1419 1007 1550 1072 easdem
1583 1008 1615 1071 X
1638 1028 1772 1072 marcas.

434 1218 478 1281 A.
507 1233 606 1300 1472,
630 1217 710 1280 Iunii
735 1219 823 1300 21¹),
848 1219 879 1282 in
903 1220 1055 1301 capitulo.

328 1356 415 1426 620.
451 1360 514 1442 (ΙΙΙ.
545 1361 643 1441 135⁰).
678 1361 782 1424 Rmus
806 1371 898 1442 pater
928 1362 1012 1425 dnus
1044 1362 1135 1444 Epus
1167 1372 1200 1426 et
1232 1363 1433 1444 prepositus,
1466 1359 1623 1434 decanus,
1654 1371 1774 1434 custos,
1808 1413 1810 1418 .

221 1467 426 1540 scolasticus,
450 1467 583 1541 Scudla,
614 1467 746 1542 Hector,
774 1469 934 1532 Iohannes
959 1471 999 1532 de
1022 1470 1170 1551 Popowo
1196 1480 1257 1532 etc.
1283 1478 1529 1538 consenserunt.
1563 1468 1650 1548 quod
1674 1467 1773 1550 Gylo-

220 1575 394 1656 wyeczslry
418 1575 508 1639 dabit
532 1574 620 1640 CCX
643 1576 709 1638 flor.
734 1576 878 1658 Hungar.
903 1578 933 1638 in
959 1597 1073 1640 manns
1097 1577 1150 1638 dni
1169 1575 1294 1639 Derslai
1310 1575 1510 1656 Byelawsky
1527 1575 1653 1638 cuidam
1669 1575 1773 1638 Abra-

219 1681 294 1744 ham
318 1682 516 1763 stipendario
539 1682 679 1756 dandos,
704 1693 737 1747 et
761 1682 877 1746 nobilis
901 1684 984 1746 dnus
1008 1683 1163 1746 Nicolaus
1187 1682 1406 1764 Prussymslry
1430 1683 1489 1744 sub
1513 1683 1656 1746 censuris
1677 1682 1774 1745 eccle·

220 1790 355 1852 siasticis
372 1789 412 1852 de
428 1790 572 1870 pecuniis
589 1789 763 1866 lertonum,
781 1810 917 1872 quorum
934 1801 1069 1854 exactor
1085 1791 1209 1862 existit,
1227 1791 1386 1873 obligavit
1402 1810 1437 1852 se
1454 1809 1613 1870 reponere
1630 1789 1774 1871 prefatos

220 1896 379 1959 ducentos
403 1907 436 1960 et
459 1897 572 1959 decem
606 1897 674 1960 llor.
702 1899 906 1960 inmanibus
940 1899 993 1959 dni
1029 1897 1181 1960 lohannis
1217 1894 1485 1978 Gylowyeczsky
1520 1895 1599 1958 inira
1631 1896 1705 1958 hinc
1742 1906 1774 1958 et

219 2002 336 2066 festum
359 2024 384 2066 s.
410 2003 644 2078 Bartholomei,
667 2006 872 2085 presentibus
896 2005 1028 2078 ibidem,
1057 2006 1174 2086 quibus
1198 2025 1310 2085 supra,
1334 2014 1367 2066 et
1391 2001 1563 2085 magnifico
1587 2003 1653 2065 dno
1677 2003 1773 2065 Petro

219 2109 260 2172 de
291 2109 513 2173 Schamotbuli
544 2111 721 2174 castellano
754 2111 892 2174 Poznan.
921 2123 961 2175 et
996 2115 1167 2192 capitaneo
1200 2112 1331 2176 Maioris
1366 2111 1516 2182 Polonie,
1553 2108 1696 2172 lohanne
1731 2110 1771 2172 de

219 2216 398 2281 Knischina
421 2217 596 2300 burgrabio
620 2220 716 2281 castri
738 2218 879 2282 Poznan.
905 2230 938 2282 et
961 2217 1109 2300 Symone
1132 2219 1244 2282 Cleofe
1269 2219 1395 2282 notario
1420 2217 1474 2279 dni
1497 2217 1568 2297 Epi.

432 2427 476 2492 A.
507 2444 605 2509 1472,
629 2429 699 2492 Iulii
728 2447 758 2504 1,
783 2431 815 2492 in
838 2431 982 2511 capitulo
1006 2430 1160 2514 generali.

327 2567 415 2636 621.
440 2570 505 2653 (Ill.
537 2573 619 2652 136).
646 2571 728 2636 Item
751 2571 805 2634 dni
829 2572 1050 2644 attendentes,
1076 2582 1198 2653 quanta
1221 2573 1364 2653 dampna
1388 2573 1419 2633 in
1443 2571 1526 2634 villis
1550 2571 1713 2652 Wawyno
1740 2581 1772 2635 et

220 2675 397 2741 Cosczelna
420 2679 541 2761 Wyess
564 2679 606 2740 ad
629 2679 829 2742 scolastriam
855 2679 1091 2760 pertinentibus
1116 2679 1242 2742 nobiles
1265 2679 1306 2741 ad
1331 2679 1496 2742 bellum
1520 2689 1635 2741 euntes
1659 2677 1773 2740 incolis

219 2784 414 2866 prolatarum
438 2786 584 2850 villarum
607 2786 783 2848 intulerunt
811 2797 843 2848 et
867 2795 982 2866 utpote
1014 2787 1055 2847 ad
1089 2785 1239 2848 nichilum
1263 2786 1476 2868 redegerunt,
1509 2785 1574 2848 dno
1599 2785 1772 2848 scolastico

218 2893 391 2956 occasione
414 2892 611 2976 prefatorum
635 2893 850 2974 dampnorum
875 2893 1067 2974 pensionem
1091 2903 1195 2956 totam
1219 2893 1260 2956 de
1283 2892 1451 2956 scolastria
1476 2893 1557 2956 solvi
1581 2901 1773 2955 consuetam

221 2997 411 3066 dimisemnt
434 3021 495 3083 pro
519 3001 579 3064 hac
603 3001 673 3064 vice
696 2999 876 3064 dumtaxat.

431 3213 476 3276 A.
506 3229 604 3293 1472,
628 3214 696 3277 Iulii
721 3230 756 3293 3,
781 3215 812 3276 in
836 3213 980 3294 capitulo
1003 3211 1157 3295 generali.

325 3351 412 3420 622.
445 3355 509 3435 (111.
538 3356 632 3438 136⁰).
665 3355 754 3418 Libri
778 3356 923 3418 ecclesie.
950 3391 988 3401 —-
1015 3353 1108 3418 Dnus
1132 3354 1221 3417 Uriel
1245 3354 1431 3437 prepositus
1462 3353 1601 3416 Poznan.
1627 3355 1772 3435 reposuit

218 3461 482 3536 decretales,
515 3473 547 3526 et
578 3465 692 3526 iterum
716 3464 853 3545 recepit;
886 3464 963 3525 item
987 3462 1070 3526 dnus
1093 3461 1235 3524 decanus
1259 3461 1398 3524 Poznan.
1423 3462 1568 3542 reposuit
1596 3461 1773 3523 bibliam

217 3571 250 3631 in
273 3580 449 3634 axamento
473 3571 574 3634 rubeo
598 3581 631 3634 et
655 3571 773 3634 iturum
796 3572 918 3650 recepit
926 3591 933 3646 ;
966 3571 1043 3633 item
1067 3570 1149 3632 dnus
1173 3567 1338 3632 Schkudla
1361 3569 1506 3650 reposuit
1530 3568 1773 3632 decretum

218 3687 252 3740 et
283 3676 561 3741 decretales
593 3688 625 3741 et
657 3679 772 3742 iterum
805 3679 926 3760 recepit
935 3699 942 3755 ;
978 3677 1058 3740 itum
1085 3677 1169 3739 dnus
1192 3676 1309 3739 doctor
1331 3675 1372 3738 de
1397 3674 1520 3740 Costen
1544 3677 1689 3757 reposuit
1712 3675 1774 3737 de-

218 3793 397 3848 cretum
429 3785 547 3858 maius,
573 3787 650 3848 item
679 3785 850 3847 librum
882 3795 1085 3858 sextum,
1117 3785 1195 3848 item
1219 3783 1528 3846 Franciscum
1560 3784 1612 3846 de
1642 3782 1773 3845 Zaba·

217 3891 358 3954 rellis
381 3911 479 3973 super
502 3890 737 3969 Clementinas;
762 3892 839 3954 item
863 3890 978 3954 librum
1001 3893 1033 3952 in
1058 3910 1259 3973 pargameno
1282 3889 1322 3952 de
1338 3891 1440 3952 veteri
1456 3891 1630 3971 scriptura,
1653 3891 1770 3970 inquo

216 3997 423 4062 continentur
445 3999 584 4079 epistole
607 3999 638 4061 b.
663 3998 812 4060 leronimi
836 4009 869 4061 et
892 3998 1008 4062 beatus
1031 3996 1209 4061 leronimus
1241 4009 1339 4078 supet
1363 3998 1503 4060 minores
1526 3995 1712 4078 prophetas
1737 4007 1770 4058 et

217 4107 332 4168 iterum
354 4106 485 4188 recepit.
531 4104 612 4168 Item
645 4105 728 4169 dnus
755 4104 987 4186 Pleschewsky
1011 4107 1155 4186 reposuit
1179 4105 1294 4168 librum
1323 4103 1552 4167 Vincencii
1576 4104 1607 4166 in
1631 4101 1772 4186 Speculo

218 4222 252 4276 et
276 4232 343 4275 non
367 4213 498 4295 recepit.

431 4405 474 4470 A.
504 4419 603 4488 1472,
629 4403 771 4489 Augusti
796 4423 854 4486 24,
879 4405 911 4468 in
934 4404 1086 4488 capitulo.

326 4545 412 4615 623.
447 4548 511 4626 (ΙΙΙ.
539 4551 622 4630 138).
658 4548 719 4612 Die
743 4547 877 4612 Lune..
909 4558 1036 4622 eustos,
1068 4545 1274 4618 scolasticus,
1302 4545 1531 4628 Sandivogius,
1556 4545 1771 4627 Rogalinslry,

217 4654 351 4730 Scudla,
375 4655 640 4739 Gylowyeczslry
663 4655 899 4720 mandaverunt
923 4655 1000 4718 dare
1018 4654 1078 4716 Xll
1099 4654 1168 4718 flor.
1193 4653 1339 4735 Hungar.
1364 4673 1385 4714 n
1398 4653 1574 4716 otariis
1597 4653 1651 4715 dni
1670 4651 1773 4733 Regis

216 4763 366 4828 videlicet
389 4764 494 4827 Baran
518 4773 551 4828 et
574 4762 678 4838 alteri,
702 4764 792 4826 cuius
809 4783 874 4826 non
891 4782 1055 4826 memoror
1072 4781 1200 4835 nomen,
1224 4781 1282 4844 per
1298 4760 1397 4823 dnum
1414 4757 1623 4842 Gyloweczki
1640 4768 1771 4822 exacto-

216 4890 286 4935 rem
309 4871 562 4936 contribucionis
585 4869 797 4935 exhibendos.

430 5063 474 5128 A.
502 5079 597 5145 1472,
622 5063 813 5129 Decembris
841 5080 894 5142 14,
921 5064 953 5126 in
976 5062 1129 5144 capitulo.

326 5201 413 5272 624.
445 5205 509 5287 (111.
540 5207 667 5288 140⁰)..
705 5206 837 5282 Custos,
861 5206 1067 5280 scolasticus,
1091 5204 1228 5278 Skudla,
1253 5201 1507 5284 Strzalkowsiry,
1531 5198 1770 5280 Pleschewsky,

215 5311 356 5390 Costen,
382 5313 512 5389 Hector,
529 5313 724 5395 lablowsky,
742 5314 908 5396 Czaczsky
924 5313 1163 5395 deputaverunt
1179 5311 1278 5374 dnum
1294 5310 1555 5374 archidiaconum
1571 5307 1768 5371 Schkudlam

326 5611 343 5684 ¹)
363 5614 430 5664 Data
448 5633 470 5665 w
489 5614 632 5681 oryginale:
654 5615 720 5662 »Die
738 5613 804 5663 Solis
822 5613 929 5664 XXIIII
947 5612 1028 5662 lunii«
1048 5613 1097 5677 Just
1115 5628 1139 5661 w
1157 5627 1176 5662 r.
1201 5621 1266 5674 1472
1285 5610 1450 5678 niemolliwa.
