<?xml version="1.0" encoding="UTF-8"?>
<!DOCTYPE html PUBLIC "-//W3C//DTD XHTML 1.0 Transitional//EN"
    "http://www.w3.org/TR/xhtml1/DTD/xhtml1-transitional.dtd">
<html xmlns="http://www.w3.org/1999/xhtml" xml:lang="en" lang="en">
 <head>
  <title>
</title>
<meta http-equiv="Content-Type" content="text/html;charset=utf-8" />
  <meta name='ocr-system' content='tesseract 3.04.00' />
  <meta name='ocr-capabilities' content='ocr_page ocr_carea ocr_par ocr_line ocrx_word'/>
</head>
<body>
  <div class='ocr_page' id='page_1' title='image "actacapitulorum00czubgoog_0029.png"; bbox 0 0 4458 6356; ppageno 0'>
   <div class='ocr_carea' id='block_1_1' title="bbox 964 607 1827 674">
    <p class='ocr_par' dir='ltr' id='par_1_1' title="bbox 964 607 1827 674">
     <span class='ocr_line' id='line_1_1' title="bbox 964 607 1827 674; baseline 0.006 -17"><span class='ocrx_word' id='word_1_1' title='bbox 964 608 1052 658; x_wconf 82' lang='lat' dir='ltr'><strong>ANNI</strong></span> <span class='ocrx_word' id='word_1_2' title='bbox 1073 607 1149 662; x_wconf 77' lang='lat'>1131.</span> <span class='ocrx_word' id='word_1_3' title='bbox 1794 629 1827 674; x_wconf 86' lang='lat'>11</span> 
     </span>
    </p>
   </div>
   <div class='ocr_carea' id='block_1_2' title="bbox 685 700 1826 711">
    <p class='ocr_par' dir='ltr' id='par_1_2' title="bbox 685 700 1826 711">
     <span class='ocr_line' id='line_1_2' title="bbox 685 700 1826 711; baseline -0.001 -1"><span class='ocrx_word' id='word_1_4' title='bbox 685 700 761 706; x_wconf 53' lang='lat'>*⁸*-</span> <span class='ocrx_word' id='word_1_5' title='bbox 1102 703 1826 711; x_wconf 72' lang='lat'><strong>————————————.—.</strong></span> 
     </span>
    </p>
   </div>
   <div class='ocr_carea' id='block_1_3' title="bbox 485 818 1176 904">
    <p class='ocr_par' dir='ltr' id='par_1_3' title="bbox 485 818 1176 904">
     <span class='ocr_line' id='line_1_3' title="bbox 485 818 1176 904; baseline 0.006 -22"><span class='ocrx_word' id='word_1_6' title='bbox 485 819 529 884; x_wconf 90' lang='lat' dir='ltr'>A.</span> <span class='ocrx_word' id='word_1_7' title='bbox 559 836 657 900; x_wconf 85' lang='lat'>1431,</span> <span class='ocrx_word' id='word_1_8' title='bbox 681 818 883 902; x_wconf 88' lang='lat' dir='ltr'><strong>Septembris</strong></span> <span class='ocrx_word' id='word_1_9' title='bbox 908 837 944 898; x_wconf 87' lang='lat'>2,</span> <span class='ocrx_word' id='word_1_10' title='bbox 968 821 1000 884; x_wconf 93' lang='lat' dir='ltr'>in</span> <span class='ocrx_word' id='word_1_11' title='bbox 1024 821 1176 904; x_wconf 92' lang='lat' dir='ltr'>capitulo.</span> 
     </span>
    </p>
   </div>
   <div class='ocr_carea' id='block_1_4' title="bbox 272 949 1830 1368">
    <p class='ocr_par' dir='ltr' id='par_1_4' title="bbox 272 949 1830 1368">
     <span class='ocr_line' id='line_1_4' title="bbox 380 949 1830 1048; baseline 0.001 -21"><span class='ocrx_word' id='word_1_12' title='bbox 380 958 440 1027; x_wconf 87' lang='lat'>53.</span> <span class='ocrx_word' id='word_1_13' title='bbox 465 963 498 1044; x_wconf 93' lang='lat' dir='ltr'>(l.</span> <span class='ocrx_word' id='word_1_14' title='bbox 525 962 576 1042; x_wconf 82' lang='grc'>55)</span> <span class='ocrx_word' id='word_1_15' title='bbox 598 961 649 1026; x_wconf 91' lang='lat' dir='ltr'>De</span> <span class='ocrx_word' id='word_1_16' title='bbox 673 949 896 1044; x_wconf 88' lang='lat' dir='ltr'>expedicione.</span> <span class='ocrx_word' id='word_1_17' title='bbox 924 963 1071 1027; x_wconf 79' lang='lat' dir='ltr'>-Item</span> <span class='ocrx_word' id='word_1_18' title='bbox 1095 964 1145 1026; x_wconf 91' lang='lat' dir='ltr'>die</span> <span class='ocrx_word' id='word_1_19' title='bbox 1169 962 1254 1028; x_wconf 91' lang='lat' dir='ltr'>Solis</span> <span class='ocrx_word' id='word_1_20' title='bbox 1277 965 1325 1028; x_wconf 92' lang='lat' dir='ltr'>VI</span> <span class='ocrx_word' id='word_1_21' title='bbox 1341 967 1381 1047; x_wconf 91' lang='lat' dir='ltr'>(s)</span> <span class='ocrx_word' id='word_1_22' title='bbox 1400 964 1602 1047; x_wconf 78' lang='lat' dir='ltr'>Septembris</span> <span class='ocrx_word' id='word_1_23' title='bbox 1618 965 1673 1028; x_wconf 88' lang='lat' dir='ltr'>dni</span> <span class='ocrx_word' id='word_1_24' title='bbox 1689 966 1729 1028; x_wconf 91' lang='lat' dir='ltr'>de</span> <span class='ocrx_word' id='word_1_25' title='bbox 1745 967 1830 1048; x_wconf 91' lang='lat' dir='ltr'>capi-</span> 
     </span>
     <span class='ocr_line' id='line_1_5' title="bbox 273 1067 1829 1154; baseline 0.003 -23"><span class='ocrx_word' id='word_1_26' title='bbox 273 1067 342 1131; x_wconf 92' lang='lat' dir='ltr'>tulo</span> <span class='ocrx_word' id='word_1_27' title='bbox 366 1069 585 1150; x_wconf 84' lang='lat' dir='ltr'>capitulariter</span> <span class='ocrx_word' id='word_1_28' title='bbox 607 1070 798 1152; x_wconf 87' lang='lat' dir='ltr'>congregati</span> <span class='ocrx_word' id='word_1_29' title='bbox 822 1071 1034 1134; x_wconf 90' lang='lat' dir='ltr'>decreverunt</span> <span class='ocrx_word' id='word_1_30' title='bbox 1050 1073 1243 1134; x_wconf 90' lang='lat' dir='ltr'>unanimiter</span> <span class='ocrx_word' id='word_1_31' title='bbox 1260 1083 1293 1136; x_wconf 92' lang='lat' dir='ltr'>et</span> <span class='ocrx_word' id='word_1_32' title='bbox 1310 1073 1547 1147; x_wconf 86' lang='lat' dir='ltr'>concluserunt,</span> <span class='ocrx_word' id='word_1_33' title='bbox 1571 1073 1659 1154; x_wconf 94' lang='lat' dir='ltr'>quod</span> <span class='ocrx_word' id='word_1_34' title='bbox 1675 1074 1829 1154; x_wconf 84' lang='lat' dir='ltr'>oppidani</span> 
     </span>
     <span class='ocr_line' id='line_1_6' title="bbox 274 1175 1830 1266; baseline 0.004 -28"><span class='ocrx_word' id='word_1_35' title='bbox 274 1176 386 1258; x_wconf 91' lang='lat' dir='ltr'>oppidi</span> <span class='ocrx_word' id='word_1_36' title='bbox 410 1175 542 1241; x_wconf 90' lang='lat' dir='ltr'>Ostrow</span> <span class='ocrx_word' id='word_1_37' title='bbox 565 1197 626 1240; x_wconf 90' lang='lat' dir='ltr'>sex</span> <span class='ocrx_word' id='word_1_38' title='bbox 648 1198 691 1240; x_wconf 90' lang='lat' dir='ltr'>ex</span> <span class='ocrx_word' id='word_1_39' title='bbox 707 1179 773 1240; x_wconf 89' lang='lat' dir='ltr'>suis</span> <span class='ocrx_word' id='word_1_40' title='bbox 794 1178 975 1259; x_wconf 89' lang='lat' dir='ltr'>oppidanis,</span> <span class='ocrx_word' id='word_1_41' title='bbox 998 1178 1152 1260; x_wconf 90' lang='lat' dir='ltr'>oppidani</span> <span class='ocrx_word' id='word_1_42' title='bbox 1175 1200 1253 1242; x_wconf 92' lang='lat' dir='ltr'>vero</span> <span class='ocrx_word' id='word_1_43' title='bbox 1278 1176 1341 1266; x_wconf 81' lang='lat' dir='ltr'>[de]</span> <span class='ocrx_word' id='word_1_44' title='bbox 1366 1179 1573 1242; x_wconf 91' lang='lat' dir='ltr'>Valischewo</span> <span class='ocrx_word' id='word_1_45' title='bbox 1597 1189 1675 1266; x_wconf 87' lang='lat' dir='ltr'>octo</span> <span class='ocrx_word' id='word_1_46' title='bbox 1699 1201 1742 1244; x_wconf 87' lang='lat' dir='ltr'>ex</span> <span class='ocrx_word' id='word_1_47' title='bbox 1765 1180 1830 1244; x_wconf 91' lang='lat' dir='ltr'>suis</span> 
     </span>
     <span class='ocr_line' id='line_1_7' title="bbox 272 1283 1044 1368; baseline 0.001 -21"><span class='ocrx_word' id='word_1_48' title='bbox 272 1283 416 1348; x_wconf 89' lang='lat' dir='ltr'>similiter</span> <span class='ocrx_word' id='word_1_49' title='bbox 439 1283 615 1368; x_wconf 86' lang='lat' dir='ltr'>expediant</span> <span class='ocrx_word' id='word_1_50' title='bbox 638 1285 679 1348; x_wconf 91' lang='lat' dir='ltr'>ad</span> <span class='ocrx_word' id='word_1_51' title='bbox 702 1284 1044 1367; x_wconf 84' lang='lat' dir='ltr'>expedicionem.</span> 
     </span>
    </p>
   </div>
   <div class='ocr_carea' id='block_1_5' title="bbox 484 1494 1198 1579">
    <p class='ocr_par' dir='ltr' id='par_1_5' title="bbox 484 1494 1198 1579">
     <span class='ocr_line' id='line_1_8' title="bbox 484 1494 1198 1579; baseline 0 -21"><span class='ocrx_word' id='word_1_52' title='bbox 484 1495 529 1560; x_wconf 91' lang='lat' dir='ltr'>A.</span> <span class='ocrx_word' id='word_1_53' title='bbox 559 1512 658 1579; x_wconf 82' lang='lat'>1431,</span> <span class='ocrx_word' id='word_1_54' title='bbox 681 1494 884 1577; x_wconf 84' lang='lat' dir='ltr'>Septembris</span> <span class='ocrx_word' id='word_1_55' title='bbox 909 1513 964 1576; x_wconf 87' lang='lat'>29,</span> <span class='ocrx_word' id='word_1_56' title='bbox 989 1497 1021 1558; x_wconf 92' lang='lat' dir='ltr'>in</span> <span class='ocrx_word' id='word_1_57' title='bbox 1044 1496 1198 1577; x_wconf 91' lang='lat' dir='ltr'>capitulo.</span> 
     </span>
    </p>
   </div>
   <div class='ocr_carea' id='block_1_6' title="bbox 269 1652 1829 2490">
    <p class='ocr_par' dir='ltr' id='par_1_6' title="bbox 269 1652 1829 2490">
     <span class='ocr_line' id='line_1_9' title="bbox 378 1652 1825 1738; baseline 0 -17"><span class='ocrx_word' id='word_1_58' title='bbox 378 1652 437 1721; x_wconf 83' lang='lat'>54.</span> <span class='ocrx_word' id='word_1_59' title='bbox 461 1656 497 1737; x_wconf 92' lang='grc' dir='ltr'>(Ι.</span> <span class='ocrx_word' id='word_1_60' title='bbox 524 1655 577 1737; x_wconf 82' lang='grc'>56)</span> <span class='ocrx_word' id='word_1_61' title='bbox 602 1656 686 1738; x_wconf 87' lang='lat' dir='ltr'>Mgri</span> <span class='ocrx_word' id='word_1_62' title='bbox 710 1653 957 1719; x_wconf 88' lang='lat' dir='ltr'>Strzeschkonis</span> <span class='ocrx_word' id='word_1_63' title='bbox 980 1654 1141 1719; x_wconf 87' lang='lat' dir='ltr'>Lussowo</span> <span class='ocrx_word' id='word_1_64' title='bbox 1174 1693 1208 1704; x_wconf 88' lang='lat'>-</span> <span class='ocrx_word' id='word_1_65' title='bbox 1232 1655 1293 1718; x_wconf 89' lang='lat' dir='ltr'>Die</span> <span class='ocrx_word' id='word_1_66' title='bbox 1316 1654 1446 1720; x_wconf 88' lang='lat' dir='ltr'>Saturni</span> <span class='ocrx_word' id='word_1_67' title='bbox 1471 1705 1498 1719; x_wconf 93' lang='lat'>..</span> <span class='ocrx_word' id='word_1_68' title='bbox 1523 1677 1632 1721; x_wconf 87' lang='lat' dir='ltr'>vener.</span> <span class='ocrx_word' id='word_1_69' title='bbox 1658 1667 1691 1720; x_wconf 91' lang='lat' dir='ltr'>et</span> <span class='ocrx_word' id='word_1_70' title='bbox 1707 1657 1825 1721; x_wconf 91' lang='lat' dir='ltr'>honor.</span> 
     </span>
     <span class='ocr_line' id='line_1_10' title="bbox 271 1762 1829 1846; baseline 0.001 -20"><span class='ocrx_word' id='word_1_71' title='bbox 271 1765 328 1826; x_wconf 93' lang='lat' dir='ltr'>viri</span> <span class='ocrx_word' id='word_1_72' title='bbox 351 1763 406 1826; x_wconf 92' lang='lat' dir='ltr'>dni</span> <span class='ocrx_word' id='word_1_73' title='bbox 485 1764 601 1846; x_wconf 90' lang='lat' dir='ltr'>prelati</span> <span class='ocrx_word' id='word_1_74' title='bbox 634 1775 667 1826; x_wconf 92' lang='lat' dir='ltr'>et</span> <span class='ocrx_word' id='word_1_75' title='bbox 699 1763 897 1825; x_wconf 88' lang='lat' dir='ltr'>canonici..</span> <span class='ocrx_word' id='word_1_76' title='bbox 923 1782 963 1824; x_wconf 90' lang='lat' dir='ltr'>eo</span> <span class='ocrx_word' id='word_1_77' title='bbox 986 1762 1097 1824; x_wconf 91' lang='lat' dir='ltr'>audito</span> <span class='ocrx_word' id='word_1_78' title='bbox 1126 1775 1159 1825; x_wconf 91' lang='lat' dir='ltr'>et</span> <span class='ocrx_word' id='word_1_79' title='bbox 1192 1773 1363 1844; x_wconf 80' lang='lat' dir='ltr'>perceptO,</span> <span class='ocrx_word' id='word_1_80' title='bbox 1390 1763 1580 1844; x_wconf 91' lang='lat' dir='ltr'>qualiter..</span> <span class='ocrx_word' id='word_1_81' title='bbox 1606 1763 1693 1827; x_wconf 92' lang='lat' dir='ltr'>bona</span> <span class='ocrx_word' id='word_1_82' title='bbox 1716 1783 1829 1827; x_wconf 89' lang='lat' dir='ltr'>mense</span> 
     </span>
     <span class='ocr_line' id='line_1_11' title="bbox 269 1868 1829 1954; baseline 0.001 -21"><span class='ocrx_word' id='word_1_83' title='bbox 269 1871 400 1952; x_wconf 91' lang='lat' dir='ltr'>capituli</span> <span class='ocrx_word' id='word_1_84' title='bbox 422 1887 530 1934; x_wconf 91' lang='lat' dir='ltr'>vener.</span> <span class='ocrx_word' id='word_1_85' title='bbox 548 1890 642 1954; x_wconf 86' lang='lat' dir='ltr'>mgro</span> <span class='ocrx_word' id='word_1_86' title='bbox 659 1869 887 1934; x_wconf 88' lang='lat' dir='ltr'>Strzeschkoni</span> <span class='ocrx_word' id='word_1_87' title='bbox 910 1871 1069 1933; x_wconf 90' lang='lat' dir='ltr'>canonico</span> <span class='ocrx_word' id='word_1_88' title='bbox 1092 1868 1187 1933; x_wconf 87' lang='lat' dir='ltr'>Pozn.</span> <span class='ocrx_word' id='word_1_89' title='bbox 1213 1870 1296 1945; x_wconf 83' lang='lat' dir='ltr'>data,</span> <span class='ocrx_word' id='word_1_90' title='bbox 1321 1881 1354 1934; x_wconf 87' lang='lat' dir='ltr'>et</span> <span class='ocrx_word' id='word_1_91' title='bbox 1377 1872 1544 1952; x_wconf 84' lang='lat' dir='ltr'>signanter</span> <span class='ocrx_word' id='word_1_92' title='bbox 1567 1871 1641 1934; x_wconf 90' lang='lat' dir='ltr'>villa</span> <span class='ocrx_word' id='word_1_93' title='bbox 1658 1872 1829 1947; x_wconf 89' lang='lat' dir='ltr'>Lussowo‚</span> 
     </span>
     <span class='ocr_line' id='line_1_12' title="bbox 271 1976 1825 2060; baseline 0.001 -19"><span class='ocrx_word' id='word_1_94' title='bbox 271 1998 330 2060; x_wconf 89' lang='lat' dir='ltr'>per</span> <span class='ocrx_word' id='word_1_95' title='bbox 352 1978 451 2040; x_wconf 90' lang='lat' dir='ltr'>dnum</span> <span class='ocrx_word' id='word_1_96' title='bbox 474 1978 602 2060; x_wconf 84' lang='lat' dir='ltr'>Regem</span> <span class='ocrx_word' id='word_1_97' title='bbox 625 1979 753 2041; x_wconf 89' lang='lat' dir='ltr'>noviter</span> <span class='ocrx_word' id='word_1_98' title='bbox 776 1978 807 2040; x_wconf 88' lang='lat' dir='ltr'>in</span> <span class='ocrx_word' id='word_1_99' title='bbox 831 1977 979 2058; x_wconf 88' lang='lat' dir='ltr'>partibus</span> <span class='ocrx_word' id='word_1_100' title='bbox 1003 1976 1194 2058; x_wconf 90' lang='lat' dir='ltr'>Cuyavie</span> <span class='ocrx_word' id='word_1_101' title='bbox 1218 1999 1275 2060; x_wconf 93' lang='lat' dir='ltr'>per</span> <span class='ocrx_word' id='word_1_102' title='bbox 1298 1977 1480 2042; x_wconf 90' lang='lat' dir='ltr'>Pruthenos</span> <span class='ocrx_word' id='word_1_103' title='bbox 1504 1978 1680 2042; x_wconf 88' lang='lat' dir='ltr'>devastatis</span> <span class='ocrx_word' id='word_1_104' title='bbox 1705 1979 1736 2040; x_wconf 91' lang='lat' dir='ltr'>in</span> <span class='ocrx_word' id='word_1_105' title='bbox 1753 1999 1825 2060; x_wconf 90' lang='lat' dir='ltr'>pos·</span> 
     </span>
     <span class='ocr_line' id='line_1_13' title="bbox 272 2066 1822 2167; baseline 0.003 -21"><span class='ocrx_word' id='word_1_106' title='bbox 272 2085 451 2148; x_wconf 89' lang='lat' dir='ltr'>sessionem</span> <span class='ocrx_word' id='word_1_107' title='bbox 476 2095 586 2148; x_wconf 89' lang='lat' dir='ltr'>essent</span> <span class='ocrx_word' id='word_1_108' title='bbox 609 2085 701 2159; x_wconf 92' lang='lat' dir='ltr'>data,</span> <span class='ocrx_word' id='word_1_109' title='bbox 736 2085 949 2148; x_wconf 90' lang='lat' dir='ltr'>decreverunt</span> <span class='ocrx_word' id='word_1_110' title='bbox 980 2093 1013 2148; x_wconf 88' lang='lat' dir='ltr'>et</span> <span class='ocrx_word' id='word_1_111' title='bbox 1037 2066 1281 2158; x_wconf 83' lang='lat' dir='ltr'>concluserunt,</span> <span class='ocrx_word' id='word_1_112' title='bbox 1317 2086 1404 2167; x_wconf 88' lang='lat' dir='ltr'>quod</span> <span class='ocrx_word' id='word_1_113' title='bbox 1429 2086 1499 2166; x_wconf 90' lang='lat' dir='ltr'>ipse</span> <span class='ocrx_word' id='word_1_114' title='bbox 1523 2105 1602 2164; x_wconf 86' lang='lat' dir='ltr'>mgr.</span> <span class='ocrx_word' id='word_1_115' title='bbox 1626 2084 1822 2150; x_wconf 89' lang='lat' dir='ltr'>Strzeschko</span> 
     </span>
     <span class='ocr_line' id='line_1_14' title="bbox 269 2191 1820 2274; baseline 0.001 -20"><span class='ocrx_word' id='word_1_116' title='bbox 269 2192 357 2255; x_wconf 94' lang='lat' dir='ltr'>bona</span> <span class='ocrx_word' id='word_1_117' title='bbox 384 2192 446 2256; x_wconf 91' lang='lat' dir='ltr'>sibi</span> <span class='ocrx_word' id='word_1_118' title='bbox 477 2193 509 2255; x_wconf 89' lang='lat' dir='ltr'>in</span> <span class='ocrx_word' id='word_1_119' title='bbox 538 2193 757 2274; x_wconf 88' lang='lat' dir='ltr'>provisionem</span> <span class='ocrx_word' id='word_1_120' title='bbox 792 2192 869 2255; x_wconf 92' lang='lat' dir='ltr'>data</span> <span class='ocrx_word' id='word_1_121' title='bbox 899 2191 998 2255; x_wconf 90' lang='lat' dir='ltr'>debet</span> <span class='ocrx_word' id='word_1_122' title='bbox 1029 2194 1111 2255; x_wconf 89' lang='lat' dir='ltr'>tueri</span> <span class='ocrx_word' id='word_1_123' title='bbox 1136 2203 1169 2256; x_wconf 88' lang='lat' dir='ltr'>et</span> <span class='ocrx_word' id='word_1_124' title='bbox 1193 2191 1378 2265; x_wconf 87' lang='lat' dir='ltr'>defendere,</span> <span class='ocrx_word' id='word_1_125' title='bbox 1414 2193 1588 2256; x_wconf 81' lang='lat' dir='ltr'>offerentes</span> <span class='ocrx_word' id='word_1_126' title='bbox 1619 2213 1654 2256; x_wconf 93' lang='lat' dir='ltr'>se</span> <span class='ocrx_word' id='word_1_127' title='bbox 1677 2193 1820 2257; x_wconf 90' lang='lat' dir='ltr'>subsidia</span> 
     </span>
     <span class='ocr_line' id='line_1_15' title="bbox 270 2297 1816 2383; baseline 0.002 -22"><span class='ocrx_word' id='word_1_128' title='bbox 270 2298 470 2363; x_wconf 83' lang='lat' dir='ltr'>familiarium</span> <span class='ocrx_word' id='word_1_129' title='bbox 494 2320 626 2364; x_wconf 91' lang='lat' dir='ltr'>suorum</span> <span class='ocrx_word' id='word_1_130' title='bbox 650 2299 755 2363; x_wconf 89' lang='lat' dir='ltr'>eidem</span> <span class='ocrx_word' id='word_1_131' title='bbox 779 2319 873 2383; x_wconf 87' lang='lat' dir='ltr'>mgro</span> <span class='ocrx_word' id='word_1_132' title='bbox 895 2297 1125 2363; x_wconf 88' lang='lat' dir='ltr'>Strzeschkoni</span> <span class='ocrx_word' id='word_1_133' title='bbox 1146 2320 1207 2381; x_wconf 91' lang='lat' dir='ltr'>pro</span> <span class='ocrx_word' id='word_1_134' title='bbox 1231 2299 1418 2362; x_wconf 89' lang='lat' dir='ltr'>defensione</span> <span class='ocrx_word' id='word_1_135' title='bbox 1449 2298 1631 2363; x_wconf 90' lang='lat' dir='ltr'>huiusmodi</span> <span class='ocrx_word' id='word_1_136' title='bbox 1654 2300 1816 2364; x_wconf 87' lang='lat' dir='ltr'>bonorum</span> 
     </span>
     <span class='ocr_line' id='line_1_16' title="bbox 271 2406 1377 2490; baseline -0.001 -19"><span class='ocrx_word' id='word_1_137' title='bbox 271 2427 306 2471; x_wconf 90' lang='lat' dir='ltr'>se</span> <span class='ocrx_word' id='word_1_138' title='bbox 329 2408 475 2483; x_wconf 90' lang='lat' dir='ltr'>daturos,</span> <span class='ocrx_word' id='word_1_139' title='bbox 498 2427 628 2490; x_wconf 91' lang='lat' dir='ltr'>ymmo,</span> <span class='ocrx_word' id='word_1_140' title='bbox 653 2410 679 2471; x_wconf 92' lang='lat' dir='ltr'>si</span> <span class='ocrx_word' id='word_1_141' title='bbox 703 2409 805 2472; x_wconf 90' lang='lat' dir='ltr'>eciam</span> <span class='ocrx_word' id='word_1_142' title='bbox 828 2416 1025 2490; x_wconf 89' lang='lat' dir='ltr'>oportunum</span> <span class='ocrx_word' id='word_1_143' title='bbox 1049 2406 1147 2483; x_wconf 89' lang='lat' dir='ltr'>foret,</span> <span class='ocrx_word' id='word_1_144' title='bbox 1171 2417 1205 2470; x_wconf 90' lang='lat' dir='ltr'>et</span> <span class='ocrx_word' id='word_1_145' title='bbox 1227 2426 1377 2489; x_wconf 85' lang='lat' dir='ltr'>persone.</span> 
     </span>
    </p>
   </div>
   <div class='ocr_carea' id='block_1_7' title="bbox 483 2617 1127 2702">
    <p class='ocr_par' dir='ltr' id='par_1_7' title="bbox 483 2617 1127 2702">
     <span class='ocr_line' id='line_1_17' title="bbox 483 2617 1127 2702; baseline -0.002 -19"><span class='ocrx_word' id='word_1_146' title='bbox 483 2620 526 2684; x_wconf 88' lang='lat' dir='ltr'>A.</span> <span class='ocrx_word' id='word_1_147' title='bbox 556 2637 655 2700; x_wconf 87' lang='lat'>1431,</span> <span class='ocrx_word' id='word_1_148' title='bbox 680 2618 834 2702; x_wconf 90' lang='lat' dir='ltr'>Octobris</span> <span class='ocrx_word' id='word_1_149' title='bbox 858 2623 894 2696; x_wconf 88' lang='lat'>8,</span> <span class='ocrx_word' id='word_1_150' title='bbox 917 2619 950 2682; x_wconf 91' lang='lat' dir='ltr'>in</span> <span class='ocrx_word' id='word_1_151' title='bbox 973 2617 1127 2700; x_wconf 89' lang='lat' dir='ltr'>capitulo.</span> 
     </span>
    </p>
   </div>
   <div class='ocr_carea' id='block_1_8' title="bbox 268 2758 1829 3487">
    <p class='ocr_par' dir='ltr' id='par_1_8' title="bbox 268 2758 1829 3487">
     <span class='ocr_line' id='line_1_18' title="bbox 378 2758 1827 2844; baseline -0.002 -17"><span class='ocrx_word' id='word_1_152' title='bbox 378 2758 438 2827; x_wconf 79' lang='lat'>55.</span> <span class='ocrx_word' id='word_1_153' title='bbox 463 2763 497 2844; x_wconf 90' lang='lat' dir='ltr'>(l.</span> <span class='ocrx_word' id='word_1_154' title='bbox 517 2761 585 2843; x_wconf 81' lang='lat'><strong>56⁰)</strong></span> <span class='ocrx_word' id='word_1_155' title='bbox 609 2762 671 2826; x_wconf 91' lang='lat' dir='ltr'>Die</span> <span class='ocrx_word' id='word_1_156' title='bbox 687 2763 821 2826; x_wconf 92' lang='lat' dir='ltr'>Lune..</span> <span class='ocrx_word' id='word_1_157' title='bbox 845 2782 951 2826; x_wconf 89' lang='lat' dir='ltr'>vener.</span> <span class='ocrx_word' id='word_1_158' title='bbox 976 2772 1008 2825; x_wconf 90' lang='lat' dir='ltr'>et</span> <span class='ocrx_word' id='word_1_159' title='bbox 1031 2761 1147 2824; x_wconf 91' lang='lat' dir='ltr'>honor.</span> <span class='ocrx_word' id='word_1_160' title='bbox 1171 2761 1229 2824; x_wconf 92' lang='lat' dir='ltr'>viri</span> <span class='ocrx_word' id='word_1_161' title='bbox 1253 2761 1350 2825; x_wconf 89' lang='lat' dir='ltr'>dni..</span> <span class='ocrx_word' id='word_1_162' title='bbox 1374 2760 1489 2842; x_wconf 91' lang='lat' dir='ltr'>prelati</span> <span class='ocrx_word' id='word_1_163' title='bbox 1505 2771 1538 2824; x_wconf 89' lang='lat' dir='ltr'>et</span> <span class='ocrx_word' id='word_1_164' title='bbox 1554 2759 1702 2823; x_wconf 91' lang='lat' dir='ltr'>canonici</span> <span class='ocrx_word' id='word_1_165' title='bbox 1718 2781 1827 2824; x_wconf 90' lang='lat' dir='ltr'>vener.</span> 
     </span>
     <span class='ocr_line' id='line_1_19' title="bbox 270 2867 1824 2952; baseline 0 -20"><span class='ocrx_word' id='word_1_166' title='bbox 270 2871 372 2932; x_wconf 89' lang='lat' dir='ltr'>virum</span> <span class='ocrx_word' id='word_1_167' title='bbox 397 2890 524 2952; x_wconf 85' lang='lat' dir='ltr'>mgrum</span> <span class='ocrx_word' id='word_1_168' title='bbox 541 2871 754 2934; x_wconf 92' lang='lat' dir='ltr'>Vincencium</span> <span class='ocrx_word' id='word_1_169' title='bbox 772 2869 859 2934; x_wconf 92' lang='lat' dir='ltr'>Coth</span> <span class='ocrx_word' id='word_1_170' title='bbox 874 2870 916 2932; x_wconf 95' lang='lat' dir='ltr'>ad</span> <span class='ocrx_word' id='word_1_171' title='bbox 932 2869 1030 2932; x_wconf 89' lang='lat' dir='ltr'>dnum</span> <span class='ocrx_word' id='word_1_172' title='bbox 1055 2869 1182 2952; x_wconf 86' lang='lat' dir='ltr'>Regem</span> <span class='ocrx_word' id='word_1_173' title='bbox 1206 2890 1318 2932; x_wconf 90' lang='lat' dir='ltr'>versus</span> <span class='ocrx_word' id='word_1_174' title='bbox 1339 2879 1458 2932; x_wconf 84' lang='lat' dir='ltr'>terram</span> <span class='ocrx_word' id='word_1_175' title='bbox 1482 2867 1659 2931; x_wconf 91' lang='lat' dir='ltr'>Podolie</span> <span class='ocrx_word' id='word_1_176' title='bbox 1683 2869 1715 2930; x_wconf 92' lang='lat' dir='ltr'>in</span> <span class='ocrx_word' id='word_1_177' title='bbox 1730 2867 1824 2932; x_wconf 90' lang='lat' dir='ltr'>factis</span> 
     </span>
     <span class='ocr_line' id='line_1_20' title="bbox 270 2974 1829 3060; baseline -0.001 -20"><span class='ocrx_word' id='word_1_178' title='bbox 270 2977 406 3040; x_wconf 87' lang='lat' dir='ltr'>ecclesie</span> <span class='ocrx_word' id='word_1_179' title='bbox 429 2988 463 3041; x_wconf 91' lang='lat' dir='ltr'>et</span> <span class='ocrx_word' id='word_1_180' title='bbox 487 2978 618 3060; x_wconf 92' lang='lat' dir='ltr'>capituli</span> <span class='ocrx_word' id='word_1_181' title='bbox 643 2979 759 3042; x_wconf 92' lang='lat' dir='ltr'>iturum</span> <span class='ocrx_word' id='word_1_182' title='bbox 784 2978 1037 3059; x_wconf 91' lang='lat' dir='ltr'>deputaverunt,</span> <span class='ocrx_word' id='word_1_183' title='bbox 1062 2977 1112 3038; x_wconf 91' lang='lat' dir='ltr'>cui</span> <span class='ocrx_word' id='word_1_184' title='bbox 1135 2997 1195 3057; x_wconf 92' lang='lat' dir='ltr'>pro</span> <span class='ocrx_word' id='word_1_185' title='bbox 1219 2978 1328 3040; x_wconf 90' lang='lat' dir='ltr'>viaet</span> <span class='ocrx_word' id='word_1_186' title='bbox 1352 2977 1507 3056; x_wconf 84' lang='lat' dir='ltr'>expensis</span> <span class='ocrx_word' id='word_1_187' title='bbox 1530 2975 1597 3038; x_wconf 92' lang='lat' dir='ltr'>XX</span> <span class='ocrx_word' id='word_1_188' title='bbox 1613 2996 1738 3039; x_wconf 89' lang='lat' dir='ltr'>marcas</span> <span class='ocrx_word' id='word_1_189' title='bbox 1755 2974 1829 3038; x_wconf 90' lang='lat' dir='ltr'>dan·</span> 
     </span>
     <span class='ocr_line' id='line_1_21' title="bbox 270 3081 1828 3167; baseline -0.001 -21"><span class='ocrx_word' id='word_1_190' title='bbox 270 3083 327 3147; x_wconf 92' lang='lat' dir='ltr'>das</span> <span class='ocrx_word' id='word_1_191' title='bbox 359 3084 427 3147; x_wconf 87' lang='lat' dir='ltr'>fore</span> <span class='ocrx_word' id='word_1_192' title='bbox 450 3084 671 3158; x_wconf 88' lang='lat' dir='ltr'>decreverunt,</span> <span class='ocrx_word' id='word_1_193' title='bbox 708 3087 938 3167; x_wconf 90' lang='lat' dir='ltr'>promittentes</span> <span class='ocrx_word' id='word_1_194' title='bbox 973 3085 1076 3147; x_wconf 90' lang='lat' dir='ltr'>eciam</span> <span class='ocrx_word' id='word_1_195' title='bbox 1112 3085 1218 3164; x_wconf 93' lang='lat' dir='ltr'>ipsum</span> <span class='ocrx_word' id='word_1_196' title='bbox 1252 3083 1386 3146; x_wconf 86' lang='lat' dir='ltr'>reddere</span> <span class='ocrx_word' id='word_1_197' title='bbox 1422 3081 1645 3164; x_wconf 89' lang='lat' dir='ltr'>indempnem,</span> <span class='ocrx_word' id='word_1_198' title='bbox 1682 3084 1707 3145; x_wconf 92' lang='lat' dir='ltr'>si</span> <span class='ocrx_word' id='word_1_199' title='bbox 1739 3083 1828 3145; x_wconf 89' lang='lat' dir='ltr'>etin</span> 
     </span>
     <span class='ocr_line' id='line_1_22' title="bbox 270 3189 1828 3274; baseline 0 -22"><span class='ocrx_word' id='word_1_200' title='bbox 270 3189 441 3272; x_wconf 88' lang='lat' dir='ltr'>quantum,</span> <span class='ocrx_word' id='word_1_201' title='bbox 477 3193 566 3274; x_wconf 92' lang='lat' dir='ltr'>quod</span> <span class='ocrx_word' id='word_1_202' title='bbox 589 3192 689 3266; x_wconf 91' lang='lat' dir='ltr'>absit,</span> <span class='ocrx_word' id='word_1_203' title='bbox 725 3192 903 3273; x_wconf 89' lang='lat' dir='ltr'>dampnum</span> <span class='ocrx_word' id='word_1_204' title='bbox 938 3190 1070 3274; x_wconf 87' lang='lat' dir='ltr'>aliquod</span> <span class='ocrx_word' id='word_1_205' title='bbox 1095 3191 1278 3272; x_wconf 90' lang='lat' dir='ltr'>perceperit</span> <span class='ocrx_word' id='word_1_206' title='bbox 1302 3191 1334 3253; x_wconf 92' lang='lat' dir='ltr'>in</span> <span class='ocrx_word' id='word_1_207' title='bbox 1358 3191 1448 3272; x_wconf 87' lang='lat' dir='ltr'>equis</span> <span class='ocrx_word' id='word_1_208' title='bbox 1472 3189 1525 3252; x_wconf 91' lang='lat' dir='ltr'>vel</span> <span class='ocrx_word' id='word_1_209' title='bbox 1548 3189 1707 3271; x_wconf 87' lang='lat' dir='ltr'>aliquibus</span> <span class='ocrx_word' id='word_1_210' title='bbox 1731 3189 1828 3252; x_wconf 87' lang='lat' dir='ltr'>rebus</span> 
     </span>
     <span class='ocr_line' id='line_1_23' title="bbox 269 3296 1822 3382; baseline -0.001 -23"><span class='ocrx_word' id='word_1_211' title='bbox 269 3299 349 3372; x_wconf 90' lang='lat' dir='ltr'>suis,</span> <span class='ocrx_word' id='word_1_212' title='bbox 374 3299 428 3380; x_wconf 94' lang='lat' dir='ltr'>qui</span> <span class='ocrx_word' id='word_1_213' title='bbox 452 3319 533 3382; x_wconf 88' lang='lat' dir='ltr'>mgr.</span> <span class='ocrx_word' id='word_1_214' title='bbox 558 3300 754 3363; x_wconf 90' lang='lat' dir='ltr'>Vincencius</span> <span class='ocrx_word' id='word_1_215' title='bbox 777 3297 864 3362; x_wconf 90' lang='lat' dir='ltr'>Coth</span> <span class='ocrx_word' id='word_1_216' title='bbox 886 3299 932 3374; x_wconf 91' lang='lat' dir='ltr'>id,</span> <span class='ocrx_word' id='word_1_217' title='bbox 957 3297 1045 3380; x_wconf 93' lang='lat' dir='ltr'>quod</span> <span class='ocrx_word' id='word_1_218' title='bbox 1070 3299 1101 3361; x_wconf 91' lang='lat' dir='ltr'>in</span> <span class='ocrx_word' id='word_1_219' title='bbox 1125 3299 1268 3380; x_wconf 88' lang='lat' dir='ltr'>pecuniis</span> <span class='ocrx_word' id='word_1_220' title='bbox 1292 3297 1414 3360; x_wconf 90' lang='lat' dir='ltr'>eisdem</span> <span class='ocrx_word' id='word_1_221' title='bbox 1437 3297 1646 3380; x_wconf 78' lang='lat' dir='ltr'>superfuerit,</span> <span class='ocrx_word' id='word_1_222' title='bbox 1670 3296 1731 3361; x_wconf 90' lang='lat' dir='ltr'>sub</span> <span class='ocrx_word' id='word_1_223' title='bbox 1748 3316 1822 3358; x_wconf 92' lang='lat' dir='ltr'>con·</span> 
     </span>
     <span class='ocr_line' id='line_1_24' title="bbox 268 3403 1559 3487; baseline 0.001 -20"><span class='ocrx_word' id='word_1_224' title='bbox 268 3405 406 3468; x_wconf 90' lang='lat' dir='ltr'>sciencia</span> <span class='ocrx_word' id='word_1_225' title='bbox 429 3427 488 3469; x_wconf 90' lang='lat' dir='ltr'>sua</span> <span class='ocrx_word' id='word_1_226' title='bbox 510 3408 658 3471; x_wconf 86' lang='lat' dir='ltr'>restituet</span> <span class='ocrx_word' id='word_1_227' title='bbox 682 3407 753 3470; x_wconf 91' lang='lat' dir='ltr'>dnis</span> <span class='ocrx_word' id='word_1_228' title='bbox 774 3407 814 3468; x_wconf 90' lang='lat' dir='ltr'>de</span> <span class='ocrx_word' id='word_1_229' title='bbox 839 3405 991 3487; x_wconf 85' lang='lat' dir='ltr'>capitu10,</span> <span class='ocrx_word' id='word_1_230' title='bbox 1015 3405 1104 3487; x_wconf 92' lang='lat' dir='ltr'>quod</span> <span class='ocrx_word' id='word_1_231' title='bbox 1127 3403 1233 3468; x_wconf 87' lang='lat' dir='ltr'>facere</span> <span class='ocrx_word' id='word_1_232' title='bbox 1257 3405 1376 3467; x_wconf 91' lang='lat' dir='ltr'>ibidem</span> <span class='ocrx_word' id='word_1_233' title='bbox 1401 3405 1559 3487; x_wconf 86' lang='lat' dir='ltr'>promisit.</span> 
     </span>
    </p>
   </div>
   <div class='ocr_carea' id='block_1_9' title="bbox 268 3511 1829 3934">
    <p class='ocr_par' dir='ltr' id='par_1_9' title="bbox 268 3511 1829 3934">
     <span class='ocr_line' id='line_1_25' title="bbox 377 3511 1827 3612; baseline -0.003 -17"><span class='ocrx_word' id='word_1_234' title='bbox 377 3527 436 3595; x_wconf 83' lang='grc'>56.</span> <span class='ocrx_word' id='word_1_235' title='bbox 460 3531 491 3611; x_wconf 82' lang='lat' dir='ltr'>(I.</span> <span class='ocrx_word' id='word_1_236' title='bbox 517 3533 570 3612; x_wconf 80' lang='lat'>57)</span> <span class='ocrx_word' id='word_1_237' title='bbox 593 3531 674 3595; x_wconf 90' lang='lat' dir='ltr'>ltem</span> <span class='ocrx_word' id='word_1_238' title='bbox 699 3511 818 3594; x_wconf 90' lang='lat' dir='ltr'>ibidem</span> <span class='ocrx_word' id='word_1_239' title='bbox 842 3531 919 3594; x_wconf 90' lang='lat' dir='ltr'>dicti</span> <span class='ocrx_word' id='word_1_240' title='bbox 942 3530 996 3592; x_wconf 93' lang='lat' dir='ltr'>dni</span> <span class='ocrx_word' id='word_1_241' title='bbox 1020 3530 1136 3612; x_wconf 89' lang='lat' dir='ltr'>prelati</span> <span class='ocrx_word' id='word_1_242' title='bbox 1152 3539 1186 3594; x_wconf 92' lang='lat' dir='ltr'>et</span> <span class='ocrx_word' id='word_1_243' title='bbox 1202 3531 1348 3593; x_wconf 92' lang='lat' dir='ltr'>canonici</span> <span class='ocrx_word' id='word_1_244' title='bbox 1372 3549 1479 3595; x_wconf 89' lang='lat' dir='ltr'>vener.</span> <span class='ocrx_word' id='word_1_245' title='bbox 1495 3531 1582 3592; x_wconf 92' lang='lat' dir='ltr'>viros</span> <span class='ocrx_word' id='word_1_246' title='bbox 1599 3529 1682 3593; x_wconf 92' lang='lat' dir='ltr'>dnos</span> <span class='ocrx_word' id='word_1_247' title='bbox 1699 3547 1827 3612; x_wconf 88' lang='lat' dir='ltr'>mgrum</span> 
     </span>
     <span class='ocr_line' id='line_1_26' title="bbox 268 3635 1829 3721; baseline -0.001 -22"><span class='ocrx_word' id='word_1_248' title='bbox 268 3635 480 3700; x_wconf 90' lang='lat' dir='ltr'>Vincencium</span> <span class='ocrx_word' id='word_1_249' title='bbox 504 3636 601 3720; x_wconf 81' lang='lat' dir='ltr'>Coth,</span> <span class='ocrx_word' id='word_1_250' title='bbox 627 3659 754 3721; x_wconf 85' lang='lat' dir='ltr'>mgrum</span> <span class='ocrx_word' id='word_1_251' title='bbox 777 3637 1062 3720; x_wconf 85' lang='lat' dir='ltr'>Strzeschkonem,</span> <span class='ocrx_word' id='word_1_252' title='bbox 1086 3637 1216 3701; x_wconf 90' lang='lat' dir='ltr'>Petrum</span> <span class='ocrx_word' id='word_1_253' title='bbox 1239 3637 1431 3720; x_wconf 89' lang='lat' dir='ltr'>Hungarum</span> <span class='ocrx_word' id='word_1_254' title='bbox 1455 3635 1624 3699; x_wconf 90' lang='lat' dir='ltr'>officialem</span> <span class='ocrx_word' id='word_1_255' title='bbox 1648 3646 1682 3700; x_wconf 88' lang='lat' dir='ltr'>et</span> <span class='ocrx_word' id='word_1_256' title='bbox 1713 3635 1829 3698; x_wconf 88' lang='lat' dir='ltr'>Alber-</span> 
     </span>
     <span class='ocr_line' id='line_1_27' title="bbox 268 3742 1824 3830; baseline -0.001 -24"><span class='ocrx_word' id='word_1_257' title='bbox 268 3752 335 3806; x_wconf 92' lang='lat' dir='ltr'>tum</span> <span class='ocrx_word' id='word_1_258' title='bbox 375 3744 416 3806; x_wconf 91' lang='lat' dir='ltr'>de</span> <span class='ocrx_word' id='word_1_259' title='bbox 446 3745 654 3825; x_wconf 89' lang='lat' dir='ltr'>Jaroschewo</span> <span class='ocrx_word' id='word_1_260' title='bbox 690 3745 950 3830; x_wconf 84' lang='lat' dir='ltr'>[deputaverunt]</span> <span class='ocrx_word' id='word_1_261' title='bbox 985 3745 1027 3808; x_wconf 91' lang='lat' dir='ltr'>ad</span> <span class='ocrx_word' id='word_1_262' title='bbox 1063 3743 1334 3809; x_wconf 90' lang='lat' dir='ltr'>conscribendum</span> <span class='ocrx_word' id='word_1_263' title='bbox 1369 3743 1578 3807; x_wconf 87' lang='lat' dir='ltr'>articulos</span> <span class='ocrx_word' id='word_1_264' title='bbox 1613 3763 1723 3806; x_wconf 92' lang='lat' dir='ltr'>coram</span> <span class='ocrx_word' id='word_1_265' title='bbox 1758 3742 1824 3804; x_wconf 93' lang='lat' dir='ltr'>dno</span> 
     </span>
     <span class='ocr_line' id='line_1_28' title="bbox 270 3849 620 3934; baseline 0.017 -22"><span class='ocrx_word' id='word_1_266' title='bbox 270 3849 387 3933; x_wconf 89' lang='lat' dir='ltr'>Rege</span> <span class='ocrx_word' id='word_1_267' title='bbox 409 3852 620 3934; x_wconf 84' lang='lat' dir='ltr'>perorandos</span> 
     </span>
    </p>
   </div>
   <div class='ocr_carea' id='block_1_10' title="bbox 481 4063 1147 4146">
    <p class='ocr_par' dir='ltr' id='par_1_10' title="bbox 481 4063 1147 4146">
     <span class='ocr_line' id='line_1_29' title="bbox 481 4063 1147 4146; baseline 0 -20"><span class='ocrx_word' id='word_1_268' title='bbox 481 4063 524 4127; x_wconf 93' lang='lat' dir='ltr'>A.</span> <span class='ocrx_word' id='word_1_269' title='bbox 555 4081 652 4144; x_wconf 87' lang='lat'>1431,</span> <span class='ocrx_word' id='word_1_270' title='bbox 677 4063 832 4128; x_wconf 91' lang='lat' dir='ltr'>Octobris</span> <span class='ocrx_word' id='word_1_271' title='bbox 860 4065 914 4140; x_wconf 91' lang='lat'>16,</span> <span class='ocrx_word' id='word_1_272' title='bbox 939 4066 970 4127; x_wconf 91' lang='lat' dir='ltr'>in</span> <span class='ocrx_word' id='word_1_273' title='bbox 994 4063 1147 4146; x_wconf 88' lang='lat' dir='ltr'>capitulo.</span> 
     </span>
    </p>
   </div>
   <div class='ocr_carea' id='block_1_11' title="bbox 221 4201 1826 4929">
    <p class='ocr_par' dir='ltr' id='par_1_11' title="bbox 221 4201 1826 4929">
     <span class='ocr_line' id='line_1_30' title="bbox 376 4201 1826 4288; baseline -0.005 -17"><span class='ocrx_word' id='word_1_274' title='bbox 376 4202 436 4271; x_wconf 76' lang='lat'>57.</span> <span class='ocrx_word' id='word_1_275' title='bbox 462 4206 497 4287; x_wconf 93' lang='lat' dir='ltr'>(l.</span> <span class='ocrx_word' id='word_1_276' title='bbox 525 4205 578 4286; x_wconf 81' lang='lat'>57)</span> <span class='ocrx_word' id='word_1_277' title='bbox 592 4255 621 4269; x_wconf 96' lang='lat'>..</span> <span class='ocrx_word' id='word_1_278' title='bbox 646 4206 780 4269; x_wconf 91' lang='lat' dir='ltr'>Rdus..</span> <span class='ocrx_word' id='word_1_279' title='bbox 804 4206 886 4271; x_wconf 92' lang='lat' dir='ltr'>dnus</span> <span class='ocrx_word' id='word_1_280' title='bbox 910 4206 1088 4271; x_wconf 90' lang='lat' dir='ltr'>Stanislaus</span> <span class='ocrx_word' id='word_1_281' title='bbox 1112 4206 1203 4288; x_wconf 91' lang='lat' dir='ltr'>Epus</span> <span class='ocrx_word' id='word_1_282' title='bbox 1226 4205 1322 4268; x_wconf 89' lang='lat' dir='ltr'>Pozn.</span> <span class='ocrx_word' id='word_1_283' title='bbox 1347 4224 1420 4267; x_wconf 89' lang='lat' dir='ltr'>cum</span> <span class='ocrx_word' id='word_1_284' title='bbox 1444 4224 1553 4266; x_wconf 92' lang='lat' dir='ltr'>vener.</span> <span class='ocrx_word' id='word_1_285' title='bbox 1570 4213 1603 4267; x_wconf 94' lang='lat' dir='ltr'>et</span> <span class='ocrx_word' id='word_1_286' title='bbox 1619 4201 1734 4266; x_wconf 92' lang='lat' dir='ltr'>honor.</span> <span class='ocrx_word' id='word_1_287' title='bbox 1750 4202 1826 4264; x_wconf 90' lang='lat' dir='ltr'>viris</span> 
     </span>
     <span class='ocr_line' id='line_1_31' title="bbox 267 4309 1824 4395; baseline -0.001 -23"><span class='ocrx_word' id='word_1_288' title='bbox 267 4311 338 4374; x_wconf 91' lang='lat' dir='ltr'>dnis</span> <span class='ocrx_word' id='word_1_289' title='bbox 352 4361 379 4374; x_wconf 94' lang='lat'>..</span> <span class='ocrx_word' id='word_1_290' title='bbox 404 4313 535 4394; x_wconf 89' lang='lat' dir='ltr'>prelatis</span> <span class='ocrx_word' id='word_1_291' title='bbox 558 4323 591 4376; x_wconf 93' lang='lat' dir='ltr'>et</span> <span class='ocrx_word' id='word_1_292' title='bbox 614 4314 777 4376; x_wconf 90' lang='lat' dir='ltr'>canonicis</span> <span class='ocrx_word' id='word_1_293' title='bbox 791 4363 797 4376; x_wconf 97' lang='lat'><strong>.</strong></span> <span class='ocrx_word' id='word_1_294' title='bbox 811 4361 828 4387; x_wconf 88' lang='lat'>.,</span> <span class='ocrx_word' id='word_1_295' title='bbox 852 4313 1043 4378; x_wconf 90' lang='lat' dir='ltr'>tractatibus</span> <span class='ocrx_word' id='word_1_296' title='bbox 1066 4313 1107 4376; x_wconf 91' lang='lat' dir='ltr'>de</span> <span class='ocrx_word' id='word_1_297' title='bbox 1131 4313 1340 4395; x_wconf 88' lang='lat' dir='ltr'>possessione</span> <span class='ocrx_word' id='word_1_298' title='bbox 1364 4312 1438 4375; x_wconf 91' lang='lat' dir='ltr'>ville</span> <span class='ocrx_word' id='word_1_299' title='bbox 1462 4312 1622 4374; x_wconf 89' lang='lat' dir='ltr'>Lussowo</span> <span class='ocrx_word' id='word_1_300' title='bbox 1639 4309 1824 4373; x_wconf 88' lang='lat' dir='ltr'>rehabenda</span> 
     </span>
     <span class='ocr_line' id='line_1_32' title="bbox 268 4417 1826 4502; baseline 0 -22"><span class='ocrx_word' id='word_1_301' title='bbox 268 4417 556 4501; x_wconf 86' lang='lat' dir='ltr'>permagnificum</span> <span class='ocrx_word' id='word_1_302' title='bbox 579 4421 683 4483; x_wconf 90' lang='lat' dir='ltr'>virum</span> <span class='ocrx_word' id='word_1_303' title='bbox 707 4420 806 4483; x_wconf 92' lang='lat' dir='ltr'>dnum</span> <span class='ocrx_word' id='word_1_304' title='bbox 831 4420 1091 4502; x_wconf 89' lang='lat' dir='ltr'>Dobrogostium</span> <span class='ocrx_word' id='word_1_305' title='bbox 1115 4421 1320 4502; x_wconf 90' lang='lat' dir='ltr'>capitaneum</span> <span class='ocrx_word' id='word_1_306' title='bbox 1344 4418 1476 4482; x_wconf 90' lang='lat' dir='ltr'>Maioris</span> <span class='ocrx_word' id='word_1_307' title='bbox 1499 4418 1632 4480; x_wconf 91' lang='lat' dir='ltr'>Polonie</span> <span class='ocrx_word' id='word_1_308' title='bbox 1648 4417 1826 4481; x_wconf 87' lang='lat' dir='ltr'>devastatis</span> 
     </span>
     <span class='ocr_line' id='line_1_33' title="bbox 221 4525 1824 4610; baseline 0 -24"><span class='ocrx_word' id='word_1_309' title='bbox 221 4557 225 4564; x_wconf 91' lang='lat'>·</span> <span class='ocrx_word' id='word_1_310' title='bbox 268 4527 299 4586; x_wconf 94' lang='lat' dir='ltr'>in</span> <span class='ocrx_word' id='word_1_311' title='bbox 322 4535 442 4588; x_wconf 89' lang='lat' dir='ltr'>terra</span> <span class='ocrx_word' id='word_1_312' title='bbox 477 4526 771 4610; x_wconf 89' lang='lat' dir='ltr'>Cuyaviensi</span> <span class='ocrx_word' id='word_1_313' title='bbox 807 4528 938 4590; x_wconf 91' lang='lat' dir='ltr'>nomine</span> <span class='ocrx_word' id='word_1_314' title='bbox 961 4529 1051 4610; x_wconf 89' lang='lat' dir='ltr'>regio</span> <span class='ocrx_word' id='word_1_315' title='bbox 1076 4529 1151 4592; x_wconf 92' lang='lat' dir='ltr'>data</span> <span class='ocrx_word' id='word_1_316' title='bbox 1176 4527 1351 4608; x_wconf 91' lang='lat' dir='ltr'>perhibitis,</span> <span class='ocrx_word' id='word_1_317' title='bbox 1376 4526 1606 4588; x_wconf 91' lang='lat' dir='ltr'>concluserunt</span> <span class='ocrx_word' id='word_1_318' title='bbox 1631 4525 1824 4587; x_wconf 89' lang='lat' dir='ltr'>unanimiter</span> 
     </span>
     <span class='ocr_line' id='line_1_34' title="bbox 267 4630 1820 4718; baseline -0.001 -23"><span class='ocrx_word' id='word_1_319' title='bbox 267 4641 300 4695; x_wconf 92' lang='lat' dir='ltr'>et</span> <span class='ocrx_word' id='word_1_320' title='bbox 323 4632 547 4710; x_wconf 90' lang='lat' dir='ltr'>decreverunt,</span> <span class='ocrx_word' id='word_1_321' title='bbox 572 4636 660 4718; x_wconf 92' lang='lat' dir='ltr'>quod</span> <span class='ocrx_word' id='word_1_322' title='bbox 684 4655 793 4699; x_wconf 91' lang='lat' dir='ltr'>vener.</span> <span class='ocrx_word' id='word_1_323' title='bbox 817 4655 898 4717; x_wconf 84' lang='lat' dir='ltr'>mgr.</span> <span class='ocrx_word' id='word_1_324' title='bbox 923 4633 1096 4699; x_wconf 88' lang='lat' dir='ltr'>Strzeszko</span> <span class='ocrx_word' id='word_1_325' title='bbox 1120 4655 1236 4698; x_wconf 91' lang='lat' dir='ltr'>canon.</span> <span class='ocrx_word' id='word_1_326' title='bbox 1261 4635 1357 4698; x_wconf 87' lang='lat' dir='ltr'>Pozn.·</span> <span class='ocrx_word' id='word_1_327' title='bbox 1383 4635 1626 4714; x_wconf 89' lang='lat' dir='ltr'>possessionem</span> <span class='ocrx_word' id='word_1_328' title='bbox 1643 4631 1729 4694; x_wconf 91' lang='lat' dir='ltr'>dicte</span> <span class='ocrx_word' id='word_1_329' title='bbox 1745 4630 1820 4714; x_wconf 90' lang='lat' dir='ltr'>ville</span> 
     </span>
     <span class='ocr_line' id='line_1_35' title="bbox 268 4738 1824 4824; baseline 0.002 -23"><span class='ocrx_word' id='word_1_330' title='bbox 268 4739 428 4804; x_wconf 89' lang='lat' dir='ltr'>Lussowo</span> <span class='ocrx_word' id='word_1_331' title='bbox 460 4742 593 4824; x_wconf 90' lang='lat' dir='ltr'>recipiat</span> <span class='ocrx_word' id='word_1_332' title='bbox 624 4753 658 4808; x_wconf 94' lang='lat' dir='ltr'>et</span> <span class='ocrx_word' id='word_1_333' title='bbox 688 4743 855 4807; x_wconf 90' lang='lat' dir='ltr'>invasores</span> <span class='ocrx_word' id='word_1_334' title='bbox 890 4741 1051 4806; x_wconf 91' lang='lat' dir='ltr'>bonorum</span> <span class='ocrx_word' id='word_1_335' title='bbox 1088 4741 1129 4806; x_wconf 92' lang='lat' dir='ltr'>de</span> <span class='ocrx_word' id='word_1_336' title='bbox 1164 4742 1279 4805; x_wconf 84' lang='lat' dir='ltr'>eadem</span> <span class='ocrx_word' id='word_1_337' title='bbox 1314 4741 1461 4806; x_wconf 90' lang='lat' dir='ltr'>secludat</span> <span class='ocrx_word' id='word_1_338' title='bbox 1489 4750 1522 4806; x_wconf 92' lang='lat' dir='ltr'>et</span> <span class='ocrx_word' id='word_1_339' title='bbox 1544 4759 1603 4824; x_wconf 88' lang='lat' dir='ltr'>per</span> <span class='ocrx_word' id='word_1_340' title='bbox 1638 4738 1824 4822; x_wconf 85' lang='lat' dir='ltr'>potenciam</span> 
     </span>
     <span class='ocr_line' id='line_1_36' title="bbox 269 4847 423 4929; baseline 0.019 -20"><span class='ocrx_word' id='word_1_341' title='bbox 269 4847 423 4929; x_wconf 88' lang='lat' dir='ltr'>expellat.</span> 
     </span>
    </p>
   </div>
   <div class='ocr_carea' id='block_1_12' title="bbox 481 5059 1165 5144">
    <p class='ocr_par' dir='ltr' id='par_1_12' title="bbox 481 5059 1165 5144">
     <span class='ocr_line' id='line_1_37' title="bbox 481 5059 1165 5144; baseline 0.006 -22"><span class='ocrx_word' id='word_1_342' title='bbox 481 5059 524 5122; x_wconf 90' lang='lat' dir='ltr'>A.</span> <span class='ocrx_word' id='word_1_343' title='bbox 555 5076 650 5141; x_wconf 87' lang='lat'>1431,</span> <span class='ocrx_word' id='word_1_344' title='bbox 675 5060 872 5124; x_wconf 89' lang='lat' dir='ltr'>Novembris</span> <span class='ocrx_word' id='word_1_345' title='bbox 896 5079 934 5140; x_wconf 92' lang='lat'>9,</span> <span class='ocrx_word' id='word_1_346' title='bbox 958 5063 990 5123; x_wconf 91' lang='lat' dir='ltr'>in</span> <span class='ocrx_word' id='word_1_347' title='bbox 1013 5062 1165 5144; x_wconf 86' lang='lat' dir='ltr'>capitulo.</span> 
     </span>
    </p>
   </div>
   <div class='ocr_carea' id='block_1_13' title="bbox 264 5197 1824 5715">
    <p class='ocr_par' dir='ltr' id='par_1_13' title="bbox 264 5197 1824 5715">
     <span class='ocr_line' id='line_1_38' title="bbox 374 5197 1817 5288; baseline 0.001 -22"><span class='ocrx_word' id='word_1_348' title='bbox 374 5197 434 5266; x_wconf 86' lang='lat'>58.</span> <span class='ocrx_word' id='word_1_349' title='bbox 459 5200 489 5283; x_wconf 90' lang='lat' dir='ltr'>(I.</span> <span class='ocrx_word' id='word_1_350' title='bbox 517 5202 623 5285; x_wconf 80' lang='lat'>58⁰)..</span> <span class='ocrx_word' id='word_1_351' title='bbox 648 5203 766 5268; x_wconf 91' lang='lat' dir='ltr'>Vener.</span> <span class='ocrx_word' id='word_1_352' title='bbox 789 5213 823 5267; x_wconf 94' lang='lat' dir='ltr'>et</span> <span class='ocrx_word' id='word_1_353' title='bbox 846 5202 961 5267; x_wconf 93' lang='lat' dir='ltr'>honor.</span> <span class='ocrx_word' id='word_1_354' title='bbox 984 5205 1043 5267; x_wconf 90' lang='lat' dir='ltr'>viri</span> <span class='ocrx_word' id='word_1_355' title='bbox 1064 5203 1159 5268; x_wconf 92' lang='lat' dir='ltr'>dni..</span> <span class='ocrx_word' id='word_1_356' title='bbox 1185 5203 1312 5288; x_wconf 88' lang='lat' dir='ltr'>[prelati</span> <span class='ocrx_word' id='word_1_357' title='bbox 1336 5218 1370 5268; x_wconf 88' lang='lat' dir='ltr'>et</span> <span class='ocrx_word' id='word_1_358' title='bbox 1384 5205 1542 5288; x_wconf 86' lang='lat' dir='ltr'>canonici]</span> <span class='ocrx_word' id='word_1_359' title='bbox 1568 5205 1722 5286; x_wconf 90' lang='lat' dir='ltr'>exposito</span> <span class='ocrx_word' id='word_1_360' title='bbox 1738 5205 1817 5286; x_wconf 89' lang='lat' dir='ltr'>ipsis</span> 
     </span>
     <span class='ocr_line' id='line_1_39' title="bbox 264 5309 1821 5393; baseline 0.003 -23"><span class='ocrx_word' id='word_1_361' title='bbox 264 5329 453 5389; x_wconf 88' lang='lat' dir='ltr'>pervener.</span> <span class='ocrx_word' id='word_1_362' title='bbox 478 5329 606 5390; x_wconf 90' lang='lat' dir='ltr'>mgrum</span> <span class='ocrx_word' id='word_1_363' title='bbox 630 5309 841 5372; x_wconf 91' lang='lat' dir='ltr'>Vincencium</span> <span class='ocrx_word' id='word_1_364' title='bbox 866 5309 966 5384; x_wconf 86' lang='lat' dir='ltr'>Coth,</span> <span class='ocrx_word' id='word_1_365' title='bbox 1002 5311 1140 5393; x_wconf 89' lang='lat' dir='ltr'>qualiter</span> <span class='ocrx_word' id='word_1_366' title='bbox 1171 5331 1234 5374; x_wconf 91' lang='lat' dir='ltr'>una</span> <span class='ocrx_word' id='word_1_367' title='bbox 1258 5331 1367 5375; x_wconf 90' lang='lat' dir='ltr'>marca</span> <span class='ocrx_word' id='word_1_368' title='bbox 1390 5312 1422 5374; x_wconf 91' lang='lat' dir='ltr'>in</span> <span class='ocrx_word' id='word_1_369' title='bbox 1446 5313 1590 5393; x_wconf 90' lang='lat' dir='ltr'>pecuniis</span> <span class='ocrx_word' id='word_1_370' title='bbox 1614 5311 1654 5374; x_wconf 93' lang='lat' dir='ltr'>de</span> <span class='ocrx_word' id='word_1_371' title='bbox 1679 5313 1748 5387; x_wconf 87' lang='lat' dir='ltr'>via,</span> <span class='ocrx_word' id='word_1_372' title='bbox 1779 5312 1821 5374; x_wconf 94' lang='lat' dir='ltr'>ad</span> 
     </span>
     <span class='ocr_line' id='line_1_40' title="bbox 264 5414 1824 5501; baseline 0.003 -25"><span class='ocrx_word' id='word_1_373' title='bbox 264 5434 361 5496; x_wconf 91' lang='lat' dir='ltr'>quam</span> <span class='ocrx_word' id='word_1_374' title='bbox 378 5415 409 5477; x_wconf 89' lang='lat' dir='ltr'>in</span> <span class='ocrx_word' id='word_1_375' title='bbox 426 5414 518 5479; x_wconf 89' lang='lat' dir='ltr'>factis</span> <span class='ocrx_word' id='word_1_376' title='bbox 535 5416 669 5479; x_wconf 91' lang='lat' dir='ltr'>ecclesie</span> <span class='ocrx_word' id='word_1_377' title='bbox 686 5427 719 5480; x_wconf 92' lang='lat' dir='ltr'>et</span> <span class='ocrx_word' id='word_1_378' title='bbox 738 5417 898 5480; x_wconf 90' lang='lat' dir='ltr'>bonorum</span> <span class='ocrx_word' id='word_1_379' title='bbox 914 5418 955 5480; x_wconf 90' lang='lat' dir='ltr'>ad</span> <span class='ocrx_word' id='word_1_380' title='bbox 974 5418 1072 5480; x_wconf 95' lang='lat' dir='ltr'>dnum</span> <span class='ocrx_word' id='word_1_381' title='bbox 1096 5417 1224 5500; x_wconf 87' lang='lat' dir='ltr'>Regem</span> <span class='ocrx_word' id='word_1_382' title='bbox 1247 5439 1360 5482; x_wconf 92' lang='lat' dir='ltr'>versus</span> <span class='ocrx_word' id='word_1_383' title='bbox 1384 5429 1497 5500; x_wconf 89' lang='lat' dir='ltr'>partes</span> <span class='ocrx_word' id='word_1_384' title='bbox 1521 5418 1550 5482; x_wconf 96' lang='lat' dir='ltr'>L</span> <span class='ocrx_word' id='word_1_385' title='bbox 1557 5419 1742 5501; x_wconf 88' lang='lat' dir='ltr'>ytwanie</span> <span class='ocrx_word' id='word_1_386' title='bbox 1765 5440 1824 5500; x_wconf 88' lang='lat' dir='ltr'>per</span> 
     </span>
     <span class='ocr_line' id='line_1_41' title="bbox 264 5521 1824 5609; baseline 0.003 -25"><span class='ocrx_word' id='word_1_387' title='bbox 264 5521 348 5586; x_wconf 90' lang='lat' dir='ltr'>dnos</span> <span class='ocrx_word' id='word_1_388' title='bbox 371 5522 412 5585; x_wconf 90' lang='lat' dir='ltr'>de</span> <span class='ocrx_word' id='word_1_389' title='bbox 435 5523 579 5604; x_wconf 90' lang='lat' dir='ltr'>capitulo</span> <span class='ocrx_word' id='word_1_390' title='bbox 603 5534 672 5588; x_wconf 89' lang='lat' dir='ltr'>erat</span> <span class='ocrx_word' id='word_1_391' title='bbox 696 5525 828 5600; x_wconf 89' lang='lat' dir='ltr'>missus,</span> <span class='ocrx_word' id='word_1_392' title='bbox 865 5524 1091 5609; x_wconf 88' lang='lat' dir='ltr'>[superfuerit],</span> <span class='ocrx_word' id='word_1_393' title='bbox 1115 5526 1157 5588; x_wconf 89' lang='lat' dir='ltr'>ad</span> <span class='ocrx_word' id='word_1_394' title='bbox 1188 5527 1291 5607; x_wconf 90' lang='lat' dir='ltr'>petita</span> <span class='ocrx_word' id='word_1_395' title='bbox 1314 5527 1414 5608; x_wconf 88' lang='lat' dir='ltr'>ipsius</span> <span class='ocrx_word' id='word_1_396' title='bbox 1448 5527 1598 5589; x_wconf 91' lang='lat' dir='ltr'>dedicta</span> <span class='ocrx_word' id='word_1_397' title='bbox 1632 5546 1740 5588; x_wconf 89' lang='lat' dir='ltr'>marca</span> <span class='ocrx_word' id='word_1_398' title='bbox 1764 5546 1824 5607; x_wconf 91' lang='lat' dir='ltr'>pro</span> 
     </span>
     <span class='ocr_line' id='line_1_42' title="bbox 266 5630 1683 5715; baseline 0.004 -24"><span class='ocrx_word' id='word_1_399' title='bbox 266 5630 474 5711; x_wconf 90' lang='lat' dir='ltr'>reparacione</span> <span class='ocrx_word' id='word_1_400' title='bbox 498 5649 608 5694; x_wconf 92' lang='lat' dir='ltr'>currus</span> <span class='ocrx_word' id='word_1_401' title='bbox 631 5632 687 5704; x_wconf 89' lang='lat' dir='ltr'>sui,</span> <span class='ocrx_word' id='word_1_402' title='bbox 712 5633 776 5714; x_wconf 90' lang='lat' dir='ltr'>qui,</span> <span class='ocrx_word' id='word_1_403' title='bbox 801 5642 836 5696; x_wconf 91' lang='lat' dir='ltr'>ut</span> <span class='ocrx_word' id='word_1_404' title='bbox 859 5635 1004 5709; x_wconf 89' lang='lat' dir='ltr'>asseruit,</span> <span class='ocrx_word' id='word_1_405' title='bbox 1026 5633 1059 5695; x_wconf 94' lang='lat' dir='ltr'>in</span> <span class='ocrx_word' id='word_1_406' title='bbox 1083 5633 1135 5696; x_wconf 90' lang='lat' dir='ltr'>via</span> <span class='ocrx_word' id='word_1_407' title='bbox 1158 5632 1217 5696; x_wconf 89' lang='lat' dir='ltr'>fuit</span> <span class='ocrx_word' id='word_1_408' title='bbox 1234 5633 1426 5709; x_wconf 89' lang='lat' dir='ltr'>destructus,</span> <span class='ocrx_word' id='word_1_409' title='bbox 1450 5634 1683 5715; x_wconf 84' lang='lat' dir='ltr'>quittaverunt.</span> 
     </span>
    </p>
   </div>
   <div class='ocr_carea' id='block_1_14' title="bbox 0 0 2234 6356">
    <p class='ocr_par' dir='ltr' id='par_1_14' title="bbox 0 0 2234 6356">
     <span class='ocr_line' id='line_1_43' title="bbox 0 0 2234 6356; baseline 0 3"><span class='ocrx_word' id='word_1_410' title='bbox 0 0 2234 6356; x_wconf 95' lang='lat' dir='ltr'> </span> 
     </span>
    </p>
   </div>
  </div>
 </body>
</html>
