4416 6366
463 645 507 708 86
951 641 1060 692 'acra
1078 641 1241 694 01111011
1259 639 1514 693 Poznnunsusrs

463 735 1190 743 -—.....———..-———-——--—-—-„———-
1203 735 1305 742 --....0..
1320 737 1338 740 -
1349 733 1597 742 ....-—-—--—.-—

461 857 527 919 dno
552 855 758 939 Rogalinslry
783 857 944 919 mandatis
967 856 1157 936 apostolicis
1181 855 1364 933 inherente;
1397 856 1604 937 presentibus
1635 854 1778 918 Iohanne
1805 855 1891 918 Baro
1915 865 1948 918 et
1970 854 2017 917 Io·

462 965 568 1028 hanne
593 965 714 1046 Tycza.

673 1175 717 1240 Α.
748 1191 846 1257 1454,
873 1174 1069 1238 Novembris
1098 1191 1151 1254 13,
1176 1177 1208 1237 in
1232 1175 1375 1256 capitulo
1399 1174 1552 1258 generali.

567 1317 656 1386 427.
681 1319 729 1402 (ΙΙ.
752 1319 834 1399 163).
860 1317 953 1382 Dnos
970 1317 1127 1380 Mathiam
1143 1318 1184 1380 de
1201 1317 1376 1400 Crosnino‚
1400 1316 1554 1380 Iacobum
1571 1317 1731 1378 seniorem
1749 1317 1790 1380 de
1807 1315 2012 1397 Wigonowo,

460 1428 635 1490 Iohannem
660 1427 700 1489 de
723 1426 918 1488 Twardowo
943 1437 976 1489 et
999 1435 1229 1506 procuratores
1260 1425 1436 1487 modernos
1467 1424 1509 1486 ad
1532 1423 1711 1486 taxandum
1735 1443 1851 1485 census
1874 1424 1906 1484 in
1931 1422 2014 1484 villis

460 1533 755 1616 prestimonialibus
778 1533 869 1597 iuxta
893 1533 1109 1614 quantitatem
1134 1543 1166 1595 et
1190 1532 1414 1612 condicionem
1440 1531 1655 1612 dampnorum
1679 1531 1710 1592 in
1735 1530 1813 1611 ipsis
1830 1549 1888 1610 per
1904 1549 2016 1591 exer-

461 1644 572 1704 citus
595 1641 753 1704 sactorum
779 1640 985 1722 deputarunt.

564 1778 651 1846 428.
677 1781 776 1862 (lbid.)
810 1781 891 1845 Item
916 1781 1028 1844 honor.
1061 1781 1125 1842 dno
1150 1781 1284 1843 Iohanni
1309 1781 1350 1842 de
1374 1779 1591 1842 Glambocecz
1622 1781 1751 1841 racione
1775 1775 1887 1854 studii,
1924 1778 2011 1858 quod

459 1889 626 1952 continuat
650 1891 680 1950 in
706 1889 925 1952 Universitate
949 1888 1164 1960 Cracoviensi‚
1189 1887 1222 1950 V
1247 1908 1372 1950 marcas
1397 1887 1627 1951 tantummodo
1651 1905 1710 1966 pro
1727 1885 1788 1946 hac
1804 1886 1874 1946 vice
1890 1884 1930 1947 de
1947 1905 2015 1966 gra·

462 1997 510 2058 cia
534 1997 746 2058 donaverunt.

675 2207 715 2270 A.
747 2223 845 2287 1454,
871 2207 1065 2269 Novembris
1096 2223 1148 2286 14,
1173 2208 1205 2268 in
1230 2207 1372 2288 capitulo
1396 2206 1547 2288 generali.

569 2345 658 2412 429.
683 2349 732 2428 (ΙΙ.
764 2347 846 2428 163).
879 2349 960 2411 Item
992 2349 1075 2411 dnos
1098 2347 1339 2430 Twardowsky
1362 2357 1395 2412 et
1419 2348 1567 2428 Chibsky
1590 2349 1631 2409 ad
1656 2346 1850 2409 audiendum
1886 2345 2012 2408 conclu-

459 2457 582 2516 sionem
607 2475 704 2536 super
728 2455 973 2518 contribucione
997 2455 1097 2538 regali
1122 2455 1185 2518 Gn
1198 2476 1216 2518 e
1229 2477 1244 2517 1
1258 2476 1277 2518 n
1291 2477 1309 2518 a
1321 2475 1352 2516 nr
1377 2455 1478 2518 ituros
1502 2455 1708 2536 deputarunt.

673 2683 716 2746 A.
747 2697 846 2768 1454,
872 2683 1068 2747 Novembris
1093 2687 1150 2760 26,
1175 2685 1206 2747 in
1230 2684 1382 2766 capitulo.

570 2821 658 2890 430.
684 2825 733 2906 (ΙΙ.
763 2825 859 2905 164⁰).
892 2825 974 2888 Item
999 2826 1116 2888 ibidem
1151 2825 1364 2890 decreverunt
1396 2837 1429 2888 et
1453 2827 1682 2890 concluserunt
1716 2827 1784 2888 dari
1808 2825 1879 2887 dnis
1903 2825 2013 2886 Twar-

459 2932 598 3013 dowsky
623 2943 655 2994 et
679 2931 827 3014 Chibslry
850 2933 983 2996 cuilibet
1000 2953 1113 2996 eorum
1131 2953 1271 2996 marcam
1289 2943 1323 2996 et
1339 2933 1559 3014 quottidianas
1576 2933 1824 2996 distribuciones
1841 2933 2012 2994 occasione

458 3042 525 3114 vie,
549 3060 646 3122 quam
671 3039 814 3104 fecerunt
839 3041 969 3102 nomine
993 3039 1123 3120 capituli
1148 3041 1179 3102 in
1204 3039 1437 3104 Gneznam
1461 3040 1502 3102 ad
1526 3043 1781 3104 convencionem
1806 3041 2011 3102 diocesanam

458 3168 557 3230 super
581 3148 826 3211 contribucione
850 3148 951 3230 regali
975 3147 1214 3211 descendendo.

671 3377 715 3440 Α.
746 3391 841 3457 1455,
866 3377 1002 3439 Ianuarii
1031 3391 1083 3457 15,
1108 3377 1140 3439 in
1165 3377 1318 3458 capitulo.

564 3515 649 3583 431.
683 3517 735 3598 (ΙΙ.
766 3520 847 3599 165).
885 3519 945 3580 Die
969 3519 1117 3582 Mercurii
1142 3567 1167 3581 ..
1193 3519 1276 3580 dnus
1299 3519 1453 3582 Nicolaus
1477 3519 1518 3581 de
1542 3517 1690 3581 Sobotha
1722 3529 1834 3581 custos
1858 3517 2012 3580 fideiussit

458 3637 550 3688 etse
575 3625 786 3706 prinpralem
822 3627 1003 3689 debitorem
1039 3626 1148 3705 posuit
1177 3645 1237 3704 pro
1268 3647 1429 3707 generosa
1463 3627 1527 3688 dna
1552 3626 1731 3688 Katherina
1755 3625 1796 3688 de
1819 3623 2009 3688 Camblowo

457 3753 517 3812 pro
540 3733 664 3796 duabus
689 3735 804 3796 marcis
827 3734 899 3796 dnis
923 3734 1066 3814 capitulo
1082 3733 1221 3796 Poznan.
1241 3733 1271 3795 in
1289 3735 1413 3796 duabus
1429 3735 1620 3814 septImanis
1637 3745 1713 3814 post
1737 3753 2010 3815 regressum

458 3842 813 3921 terrigenarum
838 3841 1045 3902 debello
1081 3842 1304 3903 moderno
1339 3841 1503 3903 solvendis
1527 3841 1587 3904 sub
1612 3843 1772 3916 censuris,
1803 3861 1899 3922 quem
1924 3840 2009 3903 dicta

457 3946 520 4007 dna
544 3948 692 4028 promisit
716 3948 851 4010 liberare
876 3947 916 4010 de
940 3945 1123 4010 huiusmodi
1157 3949 1311 4010 caucione
1346 3947 1544 4010 fideIussoria
1568 3948 1628 4010 sub
1652 3949 1774 4012 eisdem
1797 3949 1940 4011 censuris
1964 3968 2011 4009 ec·

457 4053 659 4126 010311311013,
691 4055 807 4135 quibus
831 4075 866 4118 se
890 4064 924 4117 et
948 4074 1024 4117 suos
1049 4055 1244 4118 kmethones
1268 4056 1299 4116 in
1325 4054 1518 4118 Camblowo
1542 4065 1574 4118 et
1598 4055 1629 4116 in
1655 4055 1774 4136 Lypye
1798 4065 1917 4136 sponte
1941 4054 2011 4117 sub·

457 4160 558 4238 misit;
588 4161 792 4242 presentibus
816 4172 877 4225 etc.

671 4389 714 4452 A.
744 4404 843 4470 1455,
867 4390 936 4453 Iulii
960 4409 995 4469 4,
1020 4393 1051 4453 in
1075 4391 1218 4474 capitulo
1243 4393 1394 4474 generali

562 4527 651 4596 432.
676 4532 722 4612 (ΙΙ.
753 4531 836 4612 170).
871 4533 952 4595 Item
977 4534 1048 4596 ans
1071 4533 1234 4597 Stanislao
1266 4535 1306 4597 de
1330 4533 1599 4615 DobyeschewO,
1636 4531 1769 4595 Iohanni
1794 4533 1834 4594 de
1858 4530 2012 4594 Glambo·

455 4658 529 4699 cecz
553 4649 586 4701 et
610 4639 750 4702 Alberto
774 4639 879 4702 Skora
903 4639 1044 4703 dandum
1069 4642 1245 4704 subsidium
1269 4661 1367 4704 causa
1391 4641 1487 4704 studii
1512 4641 1542 4702 in
1568 4661 1762 4722 quocunque
1787 4639 1877 4714 loco,
1910 4640 2011 4700 eciam

455 4746 486 4805 in
511 4745 601 4808 Urbe
626 4746 784 4823 Romana,
810 4749 900 4810 iuxta
923 4759 1081 4812 statutum
1105 4760 1348 4812 consenserunt.

668 4976 710 5038 A.
742 4991 839 5057 1455,
864 4977 933 5040 Iulii
957 4996 1015 5058 24,
1039 4980 1070 5040 in
1095 4978 1249 5059 capitulo.

561 5113 649 5181 433.
675 5117 722 5199 (ΙΙ.
752 5119 844 5200 171⁰).
881 5119 941 5182 DIe
964 5119 1050 5183 Iovis
1065 5169 1091 5183 ..
1116 5140 1224 5182 vener.
1258 5131 1368 5200 patres
1392 5130 1425 5183 et
1448 5120 1502 5181 dni
1526 5120 1641 5200 prelati
1666 5130 1698 5182 et
1722 5120 1913 5182 canonici..
1937 5139 2012 5180 con-

453 5224 580 5305 gregati
596 5235 629 5287 et
645 5225 733 5288 citati
749 5225 790 5288 ad
807 5227 1009 5290 tractandum
1026 5247 1124 5308 super
1140 5228 1253 5290 mediis
1277 5226 1432 5290 fructibus
1456 5236 1489 5289 et
1512 5228 1726 5289 ecclesie
1751 5227 2011 5299 1110100113,

454 5351 536 5412 quos
560 5332 620 5394 sibi
645 5333 726 5395 dnus
750 5333 824 5396 Rex
849 5353 908 5416 pro
933 5333 1221 5397 defensione
1256 5335 1321 5396 101
1357 5333 1550 5416 publice
1574 5335 1641 5396 dari
1666 5335 1708 5396 ab
1731 5333 1875 5397 ecclesiis
1899 5345 2011 5415 postu·

454 5439 539 5511 lavit,
564 5440 655 5520 quasi
679 5441 854 5520 capitulum
879 5442 1030 5523 generale
1054 5441 1266 5514 celebrantes
1290 5461 1398 5503 vener.
1425 5442 1490 5502 dno
1515 5439 1591 5503 Ade
1615 5441 1655 5502 de
1671 5440 1869 5503 Dambrowa
1884 5441 2012 5503 decano

452 5545 590 5610 Poznan.
615 5549 824 5627 providerunt
849 5549 890 5611 de
913 5549 988 5610 villa
1013 5547 1216 5628 Goluszycze
1233 5569 1292 5628 per
1308 5548 1442 5610 liberam
1465 5549 1723 5630 resignacionem
1747 5567 1855 5610 vener.
1880 5549 1939 5610 viri
1955 5547 2011 5610 dni

453 5653 563 5716 Iacobi
587 5653 671 5720 Petri
696 5655 737 5720 de
758 5655 957 5738 Wigonowo
980 5655 1197 5717 archidiaconi
1221 5654 1422 5719 Pczewensis
1446 5666 1594 5720 vacante.
