4416 6366
930 609 998 659 ΑΕΓ
1000 611 1024 658 Α
1042 607 1205 659 CAPITULI
1224 607 1478 658 POZNANIENSIS

895 702 1012 710 ——=--—-
1033 701 1193 707 -———--—-
1212 701 1342 708 ——n—
1562 699 1949 706 -—-—---—-—-—-.—-

609 823 651 898 A,
681 824 779 903 1476,
804 822 947 904 Augusti
972 839 1006 884 2.
1033 822 1063 884 in
1088 820 1241 903 capitulo.

505 961 592 1030 655.
630 963 699 1046 (IV.
730 964 787 1045 1ο),
819 964 943 1026 Ibidem
967 962 1089 1026 domini
1113 963 1247 1026 attentis
1271 964 1412 1026 serviciis
1436 983 1542 1028 vener.
1566 963 1621 1024 dni
1645 961 1730 1025 Petri
1754 961 1795 1024 de
1818 960 1949 1042 Puyewi

396 1073 554 1155 prepositi
578 1071 856 1134 Wladislaviensis
872 1081 905 1134 et
922 1072 1063 1134 cantoris
1080 1071 1226 1144 Poznan.,
1251 1092 1314 1152 que
1331 1071 1466 1152 plurima
1482 1071 1618 1132 ecclesie
1635 1070 1774 1131 Poznan.
1792 1069 1949 1148 impendit

396 1183 428 1244 in
452 1189 685 1260 posterumque
708 1179 802 1242 offert
825 1200 861 1242 se
885 1179 1106 1260 prestiturum,
1130 1179 1332 1241 donaverunt
1356 1179 1416 1240 sibi
1440 1179 1548 1240 villam
1573 1176 1760 1256 Cobilnylry
1778 1187 1946 1238 vacantem

397 1307 455 1368 per
478 1297 616 1350 mortem
640 1286 716 1348 olim
740 1286 795 1348 dni
819 1285 942 1348 Mathie
965 1285 1196 1366 Woznyczsky
1219 1305 1323 1364 nuper
1346 1286 1377 1347 in
1402 1285 1497 1348 fluvio
1521 1284 1635 1346 Warta
1666 1283 1824 1347 submersi
1856 1282 1950 1344 valde

397 1396 579 1475 inopinate,
604 1404 639 1457 ut
662 1403 741 1474 puta
765 1394 873 1456 multis
896 1392 1077 1456 astantibus
1100 1403 1134 1458 et
1157 1392 1387 1474 aspicientibus
1418 1413 1478 1454 nec
1503 1393 1610 1454 iuvare
1634 1391 1831 1463 valentibus,
1862 1390 1950 1451 cuius

396 1502 537 1564 ammam
561 1501 721 1563 maxImus
746 1499 835 1564 Deus
859 1502 890 1562 in
915 1511 1028 1562 eterno
1052 1499 1139 1562 locet
1163 1509 1225 1562 etc.

505 1640 593 1708 656.
633 1643 735 1722 (ibid.)
771 1643 852 1705 Item
887 1641 1126 1722 deputaverunt
1160 1641 1202 1703 ad
1237 1642 1605 1703 convencioncm
1640 1641 1672 1701 in
1707 1637 1950 1702 Piotrkow

398 1753 499 1816 ituros
523 1750 606 1812 dnos
629 1749 824 1830 Pnyewsky,
848 1749 1018 1811 Nicolaum
1042 1749 1083 1812 de
1107 1747 1269 1812 Schkudla
1294 1757 1327 1811 et
1344 1748 1496 1811 Iacobum
1513 1747 1700 1828 Iablowsky
1716 1748 1747 1808 in
1767 1746 1853 1809 facto
1870 1765 1951 1807 cere-

398 1858 477 1921 VIsie
500 1857 735 1939 Bidgostiensis
758 1867 833 1930 etc,
858 1856 974 1938 quibus
998 1877 1057 1936 per
1081 1855 1193 1918 decem
1218 1875 1342 1918 marcas
1365 1857 1577 1918 donaverunt.

613 2085 656 2148 A.
687 2087 785 2164 1476,
811 2085 954 2168 Augusti
979 2103 1036 2164 29,
1060 2087 1092 2148 in
1116 2085 1270 2166 capitulo.

506 2223 592 2293 657.
618 2227 687 2309 (IV.
718 2227 783 2306 10⁰)
797 2275 824 2290 ..
850 2227 968 2290 Vener.
994 2228 1047 2290 dui
1065 2227 1190 2311 [prelati
1207 2237 1240 2290 et
1256 2227 1412 2311 canonici]
1427 2275 1455 2290 ..
1480 2227 1682 2290 donaverunt
1699 2246 1794 2289 unam
1811 2245 1951 2288 marcam

398 2355 472 2398 cum
488 2334 536 2398 VI
552 2337 675 2418 grossis
691 2334 762 2397 dnis
779 2333 972 2415 Pnyewsky,
997 2333 1115 2398 Scudle
1140 2346 1173 2398 et
1190 2333 1377 2416 Iablowsky
1401 2355 1462 2416 pro
1486 2336 1629 2416 ipsorum
1654 2333 1832 2416 diligencia,
1857 2353 1952 2414 quam

399 2441 543 2505 fecerunt
567 2443 599 2504 in
624 2443 954 2505 convencione
977 2441 1350 2506 Piotrkoviensi.

612 2651 654 2714 A.
683 2654 781 2732 1476,
806 2651 1007 2734 Septembris
1032 2669 1074 2716 20
1089 2653 1121 2735 ¹),
1146 2655 1177 2715 in
1202 2653 1352 2736 capitulo.

506 2790 594 2860 658.
620 2795 688 2875 (IV.
719 2794 814 2879 11)..
838 2795 958 2858 Vener.
976 2795 1029 2857 dni
1046 2794 1202 2867 decanus,
1220 2805 1347 2867 custos,
1373 2793 1578 2867 scolasticus,
1602 2793 1796 2874 Pnyewsky,
1822 2793 1952 2862 Hector,

397 2903 613 2983 Zacrzewsky
636 2902 997 2984 deputaverunt'dnum
1021 2900 1173 2964 Scudlam
1205 2902 1246 2964 ad
1274 2901 1449 2982 capitulum
1482 2899 1604 2964 Gnezn.
1637 2901 1678 2962 ad
1710 2899 1953 2970 consulendum,

398 3008 474 3092 quid
499 3010 558 3073 erit
582 3009 762 3072 iaciendum
787 3011 819 3072 in
843 3009 1015 3072 sinodo
1039 3009 1351 3072 Lanciciensi
1375 3008 1497 3084 futura,
1521 3009 1571 3070 cui
1596 3027 1656 3089 pro
1679 3008 1834 3088 expensis
1858 3006 1953 3068 dona·

400 3127 516 3180 verunt
540 3137 636 3180 unam
660 3136 810 3180 marcam.

614 3327 657 3391 A.
687 3329 787 3408 1476,
811 3325 1015 3410 Septembris
1041 3345 1098 3404 22,
1123 3329 1154 3390 in
1178 3327 1331 3409 capitulo.

507 3465 593 3534 669.
630 3469 699 3551 (IV.
729 3470 821 3550 11)..
853 3469 975 3533 Vener.
1000 3470 1054 3532 dni
1079 3471 1236 3540 decanus,
1262 3481 1384 3542 cantor,
1410 3437 1767 3542 custossscolasticus,
1791 3469 1952 3540 Decanek,

399 3575 531 3650 Hector,
562 3575 758 3658 lablowsky,
790 3575 1055 3658 Gylowyeczsky
1087 3577 1325 3657 deputaverunt
1349 3578 1432 3640 dnos
1456 3578 1661 3640 scolasticum
1686 3588 1718 3638 et
1742 3577 1953 3656 Zacrzewsky

399 3682 440 3746 ad
471 3683 687 3746 sinodum
721 3683 1086 3747 Lanciciensem
1120 3685 1236 3758 iturOS,
1270 3685 1386 3765 quibus
1409 3705 1470 3766 pro
1494 3685 1647 3764 expensis
1672 3685 1873 3747 donaverunt
1897 3706 1954 3765 per

401 3809 462 3853 sex
484 3810 620 3854 marcae.

616 4003 659 4066 A.
691 4003 789 4082 1476,
814 3999 969 4065 Octobris
998 4004 1051 4076 18,
1077 4003 1108 4063 in
1132 4001 1284 4083 capitulo.

508 4139 597 4208 666.
630 4144 698 4224 (IV.
729 4145 820 4225 12)..
851 4145 972 4207 Vener.
997 4145 1050 4207 dni
1075 4145 1232 4220 decanus,
1265 4155 1391 4221 custos,
1416 4143 1621 4218 scolasticus,
1645 4143 1777 4215 Hector,
1803 4142 1953 4204 Nicolaus

400 4250 441 4313 de
465 4249 606 4324 Costen,
639 4249 809 4324 Decanek,
842 4249 1107 4332 Gylowyeczsky
1132 4263 1165 4314 et
1189 4251 1395 4332 Rambinsky
1419 4251 1657 4332 deputaverunt
1681 4251 1779 4311 dnum
1803 4248 1952 4312 Scudlam

399 4358 516 4420 iturum
541 4358 571 4420 in
597 4355 762 4420 Gneznam
787 4357 828 4420 ad
852 4359 1085 4432 sinodum,
1116 4360 1167 4420 cui
1191 4379 1251 4439 pro
1275 4360 1429 4438 impensis
1454 4377 1550 4433 unam
1575 4377 1715 4422 marcam
1747 4377 1820 4418 cum
1852 4356 1953 4418 media

400 4465 477 4528 dare
500 4465 746 4528 mandaverunt.

615 4675 657 4740 A.
687 4677 770 4756 1476
779 4725 785 4749 ,
809 4676 1006 4739 Novembris
1036 4677 1091 4750 16,
1115 4678 1146 4738 in
1171 4677 1314 4757 capitulo
1339 4676 1494 4758 generali.

508 4812 595 4880 661.
621 4817 686 4898 (Ν.
716 4819 777 4899 13).
802 4817 883 4881 Item
909 4819 974 4880 dno
991 4817 1125 4881 Iohanni
1143 4819 1182 4882 de
1198 4818 1331 4889 Basilea,
1356 4818 1482 4880 doctori
1499 4822 1529 4881 iu
1548 4819 1721 4892 medicinis,
1745 4819 1953 4881 decreverunt

401 4923 512 4986 decem
535 4923 675 4987 florenos
698 4927 863 4988 annuatim
888 4937 921 4988 et
945 4947 1043 4988 unum
1068 4945 1201 5006 panem,
1234 4926 1312 4987 alias
1338 4926 1426 4998 bula,
1460 4927 1701 5007 septimanatim
1727 4925 1796 4986 sore
1820 4925 1951 4990 dandos.

308 5017 310 5022 ¹
402 5041 438 5092 ut
462 5051 502 5092 eo
526 5033 766 5112 prompciorem
791 5053 826 5095 se
850 5033 1018 5095 exhiberet
1035 5051 1095 5112 pro
1112 5033 1304 5094 necessitate
1322 5031 1525 5094 dominorum
1543 5033 1630 5094 Illum
1647 5031 1688 5092 ad
1705 5053 1740 5094 se
1756 5033 1951 5102 vocancium,

399 5136 483 5199 hanc
514 5149 624 5201 tamen
656 5139 868 5202 donacionem
903 5140 948 5202 ita
978 5139 1159 5221 intelllgere
1189 5138 1376 5213 voluerunt,
1409 5141 1485 5201 dum
1517 5139 1548 5200 in
1580 5139 1710 5200 civitate
1741 5137 1879 5200 Poznan.
1905 5135 1953 5200 vel

400 5243 484 5308 circa
507 5245 671 5307 domicilio
696 5257 885 5310 moraretur.

504 5542 524 5609 ¹)
542 5511 610 5593 Data
629 5561 652 5594 ur
670 5545 799 5610 oryginale
819 5545 884 5594 »Die
903 5544 1010 5596 Veneris
1027 5547 1104 5597 XVII
1124 5563 1155 5596 m.
1175 5547 1345 5611 Septembris«
1364 5547 1412 5610 jest
1433 5545 1530 5610 rnylna;
1550 5544 1683 5609 najblilsze
1703 5544 1782 5608 Piplu
1802 5560 1817 5592 0
1837 5541 1941 5608 ktrirycb

402 5649 425 5683 w
445 5633 539 5702 donym
557 5633 623 5684 reale
643 5633 713 5684 mole
730 5635 780 5703 byd
798 5651 894 5698 mewa,
915 5636 1068 5704 przypadaly
1087 5653 1110 5684 w
1128 5653 1148 5688 r.
1172 5635 1239 5698 147b
1258 5652 1290 5686 oa
1313 5647 1343 5698 13
1363 5635 1371 5684 i
1392 5648 1426 5686 20
1446 5634 1581 5684 Wrresuia.
