4390 6368
910 575 999 624 ANNI
1019 571 1095 626 1520.
1146 654 1148 657 Ι
1717 591 1778 655 213

226 669 397 676 ——--—---—-
422 669 566 674 --------—
584 669 610 674 -
626 668 732 674 —.-——
744 668 806 674 ..-..-
820 667 932 673 ----
950 667 1050 672 --.--
1092 667 1246 673 .-.-.--.-
1257 666 1354 672 ...μ-...-

220 790 371 872 precibus
404 791 509 851 victus
545 771 684 850 onuset
709 786 850 848 officium
885 786 1171 849 administrationis
1210 786 1406 867 predictum,
1442 788 1482 848 ad
1515 785 1603 867 quod
1642 786 1780 850 eundem

221 895 357 979 predicti
382 896 437 956 dni
460 893 626 976 elegerunt
650 903 683 957 et
707 895 957 956 iurisdictionem
983 893 1091 975 ipsisa
1108 894 1174 955 iure
1198 893 1384 956 attributam
1410 893 1683 970 transfunderunt,
1709 914 1781 954 cum

221 1011 386 1082 potestate
418 1002 562 1082 plenaria
594 1011 697 1064 totam
726 1001 897 1073 diocesim,
931 1000 1057 1062 interim
1090 999 1165 1061 dum
1198 1001 1293 1062 sedes
1326 1000 1505 1074 vacaverit,
1537 999 1782 1062 administrandi

221 1109 364 1190 suscepit
395 1120 428 1172 et
459 1111 491 1170 in
524 1130 558 1170 se
589 1110 780 1190 assumpsit,
816 1117 931 1189 petens
956 1129 992 1171 se
1024 1107 1158 1169 consilio
1190 1115 1223 1168 et
1256 1104 1375 1168 auxilio
1411 1106 1546 1168 dnorum
1582 1107 1726 1187 ipsorum
1753 1107 1784 1168 in

222 1216 373 1280 omnibus
396 1216 549 1278 adiuvari.

437 1437 479 1515 A.
509 1451 607 1517 1520,
631 1437 711 1498 Iunii
735 1454 772 1513 4,
796 1436 965 1498 Poznanie.

333 1574 443 1643 1087.
468 1577 564 1661 (VIII.
596 1578 673 1656 118).
709 1577 771 1640 Die
795 1577 887 1639 Lune
913 1627 940 1640 ..
965 1578 1105 1658 exequie
1140 1577 1226 1638 Rmo
1264 1576 1329 1636 dno
1362 1576 1496 1638 Iohanni
1531 1575 1571 1637 de
1609 1576 1778 1637 Lubransz

223 1689 297 1768 Epo
320 1686 459 1747 Poznan.
493 1685 655 1746 celebrate
680 1694 767 1756 sunt,
803 1685 921 1765 quibus
945 1683 999 1744 dni
1024 1684 1138 1763 prelati
1163 1696 1197 1746 et
1223 1683 1369 1744 canonici
1405 1684 1615 1763 suprascripti
1641 1701 1779 1743 unacum

223 1795 294 1857 dnis
317 1793 459 1854 Martlno
493 1791 696 1872 Rambyeski
730 1792 856 1852 decano
880 1802 913 1852 et
937 1791 1098 1854 Stanislao
1134 1789 1323 1869 Goreezsky
1359 1789 1516 1850 canonico
1551 1789 1696 1859 Poznan.,
1722 1789 1774 1868 qui

223 1911 362 1983 protunc
385 1898 599 1971 advenerunt,
625 1896 844 1959 interfuerunt.
869 1897 1018 1960 Aderant
1043 1899 1140 1960 etiam
1158 1895 1292 1977 magnif.
1311 1895 1365 1956 dni
1383 1895 1535 1956 Nicolaus
1552 1895 1593 1956 de
1610 1893 1781 1956 Lubrancz

224 2009 385 2088 palatinus
420 2005 557 2066 Poznan.
582 2025 756 2085 germanus
792 2003 907 2084 prefati
943 2005 1017 2066 Rmi
1049 2003 1103 2064 dni
1127 2003 1207 2084 Epi,
1243 2002 1350 2063 Lucas
1375 2001 1415 2063 de
1440 1999 1552 2063 Gorka
1587 1999 1782 2064 castellanus

223 2115 362 2176 Poznan.
387 2123 421 2174 et
444 2113 635 2192 capitaneus
660 2112 791 2173 Maioris
816 2111 966 2185 Polonie,
1003 2111 1181 2172 marsalcus
1212 2109 1413 2189 Sobyensky
1438 2119 1470 2171 et
1495 2109 1705 2189 quamplures
1728 2109 1781 2169 alii

223 2221 375 2302 generosi
399 2231 431 2282 et
455 2219 581 2280 nobiles
605 2238 745 2298 persona
769 2219 948 2286 notabiles,
985 2219 1089 2280 clerus
1121 2227 1210 2278 totus
1234 2217 1378 2277 omnium
1416 2214 1625 2277 ecclesiarum
1650 2224 1683 2276 et
1706 2235 1782 2275 con-

223 2339 378 2390 ventuum
401 2347 439 2388 ac
463 2345 578 2388 omnes
602 2324 831 2397 fraternitates
855 2317 923 2385 'ubi
946 2323 1054 2405 vigilie
1079 2333 1280 2384 mortuorum
1305 2321 1402 2383 solito
1436 2342 1525 2383 more
1549 2331 1681 2384 cantate
1705 2331 1781 2383 sunt

228 2455 300 2496 cum
324 2434 426 2496 tribus
451 2434 573 2506 missis,
598 2453 732 2513 quarum
756 2432 835 2494 duas
860 2432 975 2511 prelati
1000 2432 1065 2492 duo
1089 2441 1121 2493 et
1145 2431 1273 2492 tertiam
1297 2429 1390 2490 Rdus
1414 2439 1507 2510 pater
1524 2429 1605 2490 dnus
1622 2426 1781 2490 Albertus

224 2541 315 2622 Epus
339 2541 477 2606 Enensis
501 2550 534 2602 et
558 2539 778 2620 suffraganeus
802 2538 940 2600 Poznan.
964 2547 1192 2615 cantaverunt;
1228 2537 1333 2598 oratio
1358 2557 1436 2598 vero
1462 2555 1522 2617 pro
1546 2555 1698 2598 sermone
1723 2555 1783 2614 per

225 2669 333 2710 vener.
357 2649 460 2710 virum
495 2647 594 2709 dnum
627 2646 789 2708 Thomam
824 2637 989 2708 Bedrman¹
1018 2643 1058 2706 de
1084 2644 1246 2705 Poznania
1280 2643 1311 2705 S.
1337 2643 1521 2724 TheologIe
1559 2641 1781 2724 professorem

229 2755 439 2836 pronuntiata
462 2763 513 2817 est
536 2753 577 2816 ad
601 2752 769 2834 populum.

439 2981 482 3046 A.
513 2997 610 3062 1520,
636 2983 716 3044 lunii
740 3001 777 3061 4,
802 2983 833 3044 in
857 2980 1007 3062 capitulo.

337 3122 448 3190 1088.
474 3125 586 3207 (ibid).
609 3124 760 3206 Expletis
784 3124 930 3204 exequiis
955 3171 983 3184 ..
1007 3122 1100 3184 Rdus
1124 3135 1218 3202 pater
1248 3122 1331 3185 dnus
1356 3121 1611 3183 Administrator
1643 3141 1780 3182 unacum

223 3243 296 3296 toto
320 3233 462 3313 capitulo
487 3231 586 3312 elegit
610 3233 641 3292 in
666 3232 819 3293 vicarium
845 3232 875 3291 in
900 3229 1127 3309 Spiritualibus
1159 3239 1192 3291 et
1216 3228 1388 3290 officialem
1419 3229 1656 3309 generalem..
1682 3227 1780 3288 dnum

222 3341 400 3404 Iohannem
425 3340 466 3402 de
490 3338 674 3402 Charbowo
698 3338 906 3400 decretorum
931 3338 1102 3399 doctorem
1126 3337 1319 3398 canonicum
1343 3336 1597 3396 Poznaniensem
1623 3383 1650 3395 ..

338 3477 582 3562 1089.(1bid.).
607 3479 730 3541 Ibidem
754 3479 869 3560 prelati
892 3480 946 3541 dni
971 3479 1085 3560 prelati
1111 3489 1143 3540 et
1167 3479 1313 3539 canonici
1339 3527 1366 3539 ..
1391 3476 1477 3538 diem
1501 3475 1669 3537 electionis
1687 3474 1782 3537 futuri

223 3588 384 3671 pontificis
407 3589 493 3650 diem
516 3586 696 3650 Sabbatum
720 3588 751 3648 in
776 3589 918 3649 crastino
955 3587 1029 3648 festi
1054 3586 1084 3648 b.
1109 3585 1197 3648 Petri
1221 3595 1254 3647 et
1279 3584 1366 3645 Pauli
1402 3582 1626 3663 apostolorum
1651 3627 1681 3642 ..
1706 3602 1782 3643 con-

223 3698 447 3760 stituerunt..
472 3714 510 3756 ac
535 3713 726 3776 processum
761 3695 928 3756 citacionis
964 3703 1079 3756 contra
1103 3712 1218 3754 omnes
1243 3703 1276 3754 et
1300 3691 1447 3772 singulos
1472 3689 1555 3751 dnos
1580 3689 1724 3770 prelatos
1748 3697 1782 3748 et

227 3805 403 3866 canonicos
437 3803 575 3864 ecclesie
607 3801 745 3864 Poznan.
769 3823 828 3882 per
864 3810 969 3862 totam
1004 3801 1203 3881 provinciam
1239 3797 1472 3860 fulminandum
1509 3797 1724 3858 decreverunt
1748 3803 1782 3856 et

224 3911 367 3974 dandum
391 3909 635 3972 mandaverunt.

336 4049 447 4116 1090.
472 4051 584 4132 (ibin).
608 4051 729 4113 ibidem
754 4049 992 4130 deputaverunt
1015 4069 1123 4112 vener.
1148 4050 1231 4110 dnos
1256 4047 1432 4110 Iohannem
1450 4045 1664 4126 lllrolrowslry
1682 4043 1782 4106 archi-

223 4161 396 4222 diaconum
420 4157 717 4220 Varschoviensem
741 4170 773 4219 et
797 4156 992 4220 Stanislaum
1017 4155 1058 4216 de
1082 4153 1243 4216 Strzelcze
1267 4154 1472 4216 decretorum
1496 4152 1668 4215 doctorem
1686 4169 1783 4213 cano·

222 4269 329 4328 nicum
353 4265 489 4326 Poznan.
514 4263 555 4326 ad
579 4265 619 4326 R.
644 4263 748 4326 Mtem
773 4266 803 4325 in
828 4261 1018 4325 Thorun
1042 4262 1269 4342 equitandum,
1295 4261 1410 4340 quibus
1434 4280 1492 4340 per
1515 4259 1547 4321 V
1572 4279 1696 4320 marcas
1720 4279 1780 4338 pro

223 4373 378 4454 expensis
402 4373 470 4434 dari
493 4373 734 4444 commiserunt,
759 4383 792 4433 et
816 4370 855 4432 R.
880 4371 955 4441 Mti,
979 4371 1031 4430 eui
1054 4378 1193 4430 mortem
1226 4367 1300 4428 Rmi
1325 4368 1401 4429 olim
1427 4367 1481 4428 dni
1505 4367 1567 4447 Epi
1592 4377 1625 4428 et
1649 4365 1781 4427 tandem

222 4480 308 4542 diem
333 4479 500 4542 electionis
523 4479 620 4540 futuri
645 4477 806 4558 pontificis
842 4479 1041 4557 assignatam
1079 4476 1292 4537 intimandum
1327 4475 1559 4537 commiserunt
1583 4485 1616 4536 et
1641 4473 1701 4535 Mti
1725 4493 1783 4534 sue

221 4607 282 4668 pro
306 4586 496 4648 munusculo
520 4585 547 4649 C
569 4585 707 4648 ducatos
730 4597 798 4647 tum
823 4605 881 4666 per
906 4585 1025 4645 Rmum
1050 4584 1147 4645 dnum
1182 4582 1456 4646 Przernisliensem
1481 4580 1590 4662 Epum
1614 4580 1783 4641 moderan-

223 4693 301 4756 dum
326 4693 554 4756 sumeserunt.

436 4912 478 4975 A.
511 4927 610 4992 1520,
634 4911 714 4974 Iunii
737 4913 773 4986 6,
798 4912 830 4972 in
853 4910 1006 4991 capitulo.

335 5051 444 5119 1091.
469 5053 568 5134 (VIII.
599 5055 697 5132 118⁰).
724 5054 787 5114 Dni
811 5063 1003 5134 receperunt
1027 5053 1058 5114 in
1082 5063 1229 5116 mutuum
1253 5051 1315 5113 Lx
1337 5051 1473 5112 ducatos
1504 5049 1545 5110 de
1569 5049 1714 5129 pondere
1739 5049 1778 5110 R.

220 5163 280 5224 Mti
305 5161 475 5223 donandos
499 5171 532 5223 et
556 5161 587 5223 X
611 5182 735 5222 marcas
772 5163 908 5240 pecunie
941 5161 1061 5222 nuntiis
1085 5159 1126 5222 ad
1151 5161 1253 5222 Mtem
1279 5159 1319 5220 R.
1346 5157 1510 5220 mittendis
1543 5177 1603 5236 pro
1627 5157 1782 5236 expensis

223 5268 349 5331 dandas
377 5269 464 5348 apud
489 5269 587 5330 dnum
624 5267 865 5349 Sigismundum
901 5269 1107 5340 canonicum,
1143 5268 1175 5328 in
1200 5266 1317 5348 quibus
1349 5285 1408 5345 pro
1432 5264 1528 5326 vadio
1564 5273 1778 5344 reposuerunt

220 5376 355 5437 calicem
377 5397 512 5438 aureum
536 5376 612 5437 olim
637 5376 691 5437 dni
715 5375 791 5436 Ade
816 5376 946 5448 decani,
983 5395 1081 5456 quem
1107 5375 1176 5455 ipse
1201 5374 1282 5435 dnus
1318 5370 1543 5452 Sigismundus
1568 5370 1608 5431 de
1634 5369 1781 5432 manibus

220 5483 276 5544 dni
301 5483 516 5544 vicecustodis
540 5483 699 5563 recipiens
724 5483 764 5542 ad
789 5483 953 5563 propriam
978 5483 1143 5552 cistulam,
1169 5501 1266 5561 quam
1289 5481 1321 5540 in
1339 5477 1474 5539 ecclesie
1492 5488 1622 5538 tezauro
1639 5475 1783 5540 inferiori

221 5589 322 5652 habet
346 5591 539 5672 repositam,
564 5591 722 5671 reposuit;
759 5589 979 5674 quodquidem
1015 5589 1160 5654 debitum
1185 5607 1243 5673 per
1266 5585 1408 5650 futurum
1432 5583 1620 5671 pontificem
1646 5584 1686 5645 de
1711 5603 1783 5668 pro·
