4416 6366
422 583 481 631 122
930 567 1024 618 ACTA
1043 567 1205 619 CAPITULl
1227 567 1481 623 POZNthENSIS

414 661 545 667 ——-——
554 660 902 668 .-ψῃ-σῃ
922 663 937 666 -

627 799 669 862 Α.
699 813 796 879 1474,
822 799 1018 864 Novembris
1047 817 1102 874 12,
1127 803 1158 865 in
1183 802 1326 884 capitulo
1346 804 1496 884 generali.

520 955 607 1024 646.
630 959 694 1040 (ΙΙΙ.
724 961 797 1043 154)
813 1012 841 1026 ..
867 960 1110 1042 Capitulum
1142 962 1345 1042 generale
1370 983 1430 1044 pro
1454 963 1538 1028 lesto
1563 985 1588 1026 a.
1615 965 1742 1028 Martini
1766 965 1968 1028 confessoris.

413 1065 555 1128 Nomina
579 1066 776 1146 prelatorum
801 1081 834 1132 et
856 1070 1099 1132 canonicorum:
1126 1069 1235 1130 Adam
1260 1069 1419 1142 decanus,
1451 1071 1565 1134 Petrus
1597 1072 1637 1134 de
1670 1071 1814 1153 Pnyewy
1846 1083 1966 1144 cantor,

414 1172 568 1236 Nicolaus
584 1173 625 1236 de
642 1173 790 1238 Sobotha
807 1187 933 1248 custos,
953 1175 1091 1239 lacobus
1107 1177 1148 1238 de
1167 1177 1377 1256 Wygonowo
1394 1176 1600 1250 scolasticus,
1625 1178 1779 1240 Nicolaus
1795 1179 1835 1240 de
1853 1177 1970 1240 Scudla

413 1280 657 1343 archidiaconus
682 1280 895 1362 SrzemensiS‚
928 1281 1160 1364 Sandivogius,
1193 1283 1345 1346 Andreas
1369 1284 1575 1364 Rogattnstr,
1608 1283 1785 1365 Gregorius
1808 1283 1969 1358 Scothslri,

415 1387 549 1462 Hector,
573 1388 726 1452 Nicolaus
750 1390 790 1452 de
815 1389 938 1453 Costeu
971 1391 1174 1453 decretorum
1207 1390 1331 1462 doctor,
1366 1390 1520 1453 Nicolaus
1553 1403 1586 1454 ct
1617 1391 1778 1454 Iohannes
1809 1391 1970 1472 Xansczy,

413 1493 575 1559 Iohannes
599 1497 639 1559 de
662 1496 1021 1578 Popowo,'Starrislaus
1045 1496 1085 1559 de
1111 1496 1309 1569 Pleschew0,
1341 1517 1421 1578 mgr.
1452 1497 1694 1578 Dobrogostius
1718 1499 1759 1560 de
1783 1495 1970 1580 Syracowo,

415 1602 610 1666 Wladislaus
634 1603 675 1666 de
699 1604 874 1676 Poznania,
907 1603 1067 1667 Iohannes
1091 1603 1280 1674 Lucowski,
1305 1605 1443 1666 Iacobus
1465 1603 1659 1686 lablowslry,
1687 1603 1847 1668 Albertus
1870 1603 1970 1667 Score

414 1710 455 1772 de
480 1709 561 1792 Gay,
586 1711 740 1774 Nicolaus
764 1709 939 1792 Czaczslry,
964 1709 1142 1774 Stanislaus
1163 1711 1203 1772 de
1221 1710 1359 1792 Smigel,
1383 1711 1543 1774 lohannes
1561 1713 1601 1774 de
1618 1710 1832 1792 Gylowyecz,
1860 1713 1970 1774 Wosz·

414 1817 548 1890 niczski,
574 1817 729 1882 Nicolaus
753 1819 793 1880 de
818 1817 971 1881 Lubasch
996 1829 1029 1882 et
1053 1817 1167 1881 Petrus
1193 1818 1233 1880 de
1257 1816 1441 1898 Cobilniky.

522 1974 608 2043 641.
633 1978 698 2059 (ΙΙΙ.
729 1979 821 2060 1540).
844 1979 925 2042 Item
949 1977 1042 2042 villas
1065 1978 1288 2041 Posczukowo
1313 1979 1366 2040 dni
1391 1979 1503 2040 decani
1528 1989 1561 2041 et
1585 1979 1773 2059 Bycncowo
1790 1977 1843 2041 dni
1860 1978 1970 2040 Iohan-

415 2085 465 2148 nis
489 2085 662 2148 Lucowslri
687 2087 832 2148 canonici
856 2087 985 2148 racione
1009 2086 1224 2167 dampnorum
1251 2106 1307 2166 per
1331 2088 1555 2148 exercitus
1586 2085 1846 2150 bellatorum
1871 2085 1971 2148 illato·

415 2211 485 2253 rum
509 2213 528 2254 a
551 2192 716 2256 solucione
739 2213 856 2256 census
880 2213 965 2254 anno
990 2193 1132 2273 presenti
1157 2192 1351 2273 dumptaxat
1375 2193 1608 2256 libertaverunt
1632 2203 1665 2256 et
1689 2192 1907 2256 absolverunt.

524 2348 611 2416 642.
636 2353 736 2434 (ibid.)
759 2353 840 2415 Item
865 2373 972 2415 vener.
996 2353 1062 2413 dno
1081 2350 1243 2414 Stanislao
1260 2319 1477 2415 Pleschervslri
1494 2353 1651 2414 canonico
1667 2363 1804 2434 propter
1819 2353 1967 2434 dampna,

416 2480 479 2540 que
503 2458 651 2522 homines
675 2460 775 2540 ipsius
799 2461 830 2522 in
854 2459 965 2540 Gyecz
990 2470 1023 2522 et
1048 2459 1288 2538 Posrvyanthne
1314 2461 1461 2540 perpessi
1486 2471 1569 2530 sunt,
1594 2461 1674 2522 duas
1690 2479 1815 2522 marcas
1832 2460 1873 2522 de
1890 2479 1968 2539 pen-

419 2567 509 2628 sione
534 2566 722 2630 dimiserunt
747 2567 941 2648 dumptaxat
966 2586 1026 2648 pro
1050 2567 1109 2628 hac
1134 2567 1212 2629 vice.

631 2831 673 2893 A.
703 2845 801 2910 1474,
826 2829 1023 2893 Novembris
1053 2847 1106 2908 14,
1131 2831 1161 2892 in
1185 2829 1329 2911 capitulo
1353 2829 1504 2912 generali.

525 2987 612 3056 643.
646 2990 709 3072 (ΙΙΙ.
740 2990 864 3071 1540)..
901 2991 964 3052 Dni
996 2991 1205 3072 suprascripti
1236 3010 1343 3052 vener.
1368 2989 1433 3051 dno
1456 2989 1590 3052 iohanni
1616 2989 1788 3051 Lucowslri
1813 2989 1970 3050 canonico

418 3099 519 3160 eciam
544 3099 672 3160 racione
697 3098 911 3180 dampnorum
936 3099 996 3160 sibi
1021 3097 1235 3180 irrogatorum
1261 3099 1301 3160 de
1326 3099 1483 3178 pensione
1507 3098 1674 3177 prebende
1703 3117 1760 3159 sue
1784 3096 1830 3158 IV
1849 3115 1972 3157 marcas

417 3205 611 3284 dumptaxat
635 3225 695 3286 pro
719 3203 780 3267 hac
803 3207 873 3268 vice
897 3204 1102 3268 dimiserunt:
1129 3203 1290 3267 soluturus
1314 3204 1375 3266 XII
1399 3216 1432 3266 et
1457 3215 1573 3286 postea
1596 3204 1676 3267 XVI
1701 3224 1834 3266 marcas.

526 3361 615 3431 644.
640 3365 746 3446 (ibid.)
763 3365 845 3428 item
863 3385 970 3428 vener.
986 3364 1052 3427 dno
1069 3364 1204 3427 Hectori
1221 3366 1377 3426 canonico
1395 3375 1529 3446 propter
1545 3363 1771 3427 liberalitatem
1789 3374 1822 3425 et
1835 3361 1973 3424 humani·

417 3483 520 3535 tatem
552 3473 666 3554 ipsius,
698 3493 781 3554 quas
812 3472 1009 3544 redimendo,
1038 3493 1078 3534 ne
1110 3471 1197 3533 bona
1221 3471 1294 3533 ville
1318 3473 1418 3552 ipsius
1443 3473 1473 3533 in
1499 3471 1746 3553 Urnyeschewo
1762 3473 1974 3552 diriperentur

418 3589 451 3642 et
474 3579 725 3654 destruerentur,
749 3579 908 3642 nobilibus
924 3579 965 3641 ad
983 3579 1101 3641 bellum
1120 3577 1416 3659 profisciscentibus
1433 3578 1580 3642 exhibuit
1597 3590 1630 3643 et
1647 3579 1730 3654 lecit,
1755 3579 1833 3642 duas
1851 3597 1973 3640 marcas

417 3687 645 3750 tantummodo
670 3707 730 3768 pro
753 3685 813 3748 hac
838 3687 907 3748 vice
932 3687 1128 3749 dimiserunt.

631 3949 675 4013 A.
706 3963 802 4030 1474,
828 3947 1018 4012 Decembris
1046 3965 1099 4028 13,
1125 3951 1156 4012 in
1179 3951 1331 4032 capitulo,

525 4105 612 4174 646.
648 4109 711 4188 (ΙΙΙ.
742 4107 851 4189 155).
886 4109 1006 4173 Vener.
1041 4110 1095 4172 dni
1126 4111 1240 4190 prelati
1272 4122 1305 4174 et
1337 4111 1525 4173 canonici..
1550 4129 1658 4172 vener.
1684 4109 1768 4171 dnos
1791 4107 1967 4170 Iohannem

417 4215 593 4279 Lucowski
617 4226 650 4278 et
673 4215 850 4278 Iohannem
874 4213 1139 4298 Gylowyeczslry
1162 4219 1337 4280 canonicos
1361 4217 1401 4280 ad
1426 4215 1537 4280 Smum
1562 4219 1661 4279 dnum
1686 4215 1844 4278 Kazim
1859 4217 1970 4278 irum

418 4324 470 4386 dei
493 4324 601 4406 gracia
625 4323 752 4404 Regem
776 4321 909 4385 Polonie
932 4333 965 4386 et
988 4322 1108 4386 Rmum
1124 4371 1153 4386 ..
1179 4323 1277 4386 dnum
1303 4323 1470 4387 Andream
1494 4325 1525 4386 d.
1550 4344 1580 4405 g.
1598 4323 1705 4404 Epum
1727 4323 1867 4385 Poznan.
1884 4332 1917 4384 et
1932 4319 1971 4382 ad

418 4431 623 4512 capitaneum
648 4430 778 4492 Maioris
802 4429 935 4492 Polonie
959 4429 1144 4512 generalem
1170 4432 1200 4491 in
1225 4429 1251 4492 P
1263 4453 1285 4510 y
1299 4431 1410 4512 sdry
1434 4433 1465 4492 in
1487 4430 1579 4493 sactis
1603 4441 1636 4494 et
1653 4431 1796 4512 negociis
1813 4429 1970 4491 bonorum

418 4537 550 4619 capituli
582 4547 615 4600 et
638 4555 749 4600 mense
780 4537 976 4617 episcopalis
1009 4537 1111 4600 ituros
1141 4536 1338 4618 deputarunt
1373 4549 1406 4600 et
1440 4537 1570 4601 cuilibet
1604 4539 1749 4618 ipsorum
1785 4556 1844 4618 per
1876 4552 1970 4596 unam

420 4663 561 4707 marcam
577 4645 707 4706 racione
723 4663 940 4725 expensarum
957 4643 1098 4706 dandum
1115 4643 1336 4716 decreverunt,
1362 4645 1451 4706 salva
1468 4645 1569 4707 eciam
1586 4645 1740 4725 porcione
1757 4642 1967 4705 releccionum

418 4751 709 4832 quottidianarum,
734 4751 886 4832 quamdiu
910 4750 1028 4814 ibidem
1053 4750 1274 4824 morabuntur,
1303 4752 1334 4812 in
1359 4752 1476 4832 quibus
1500 4751 1602 4813 eciam
1627 4762 1782 4832 tanquam
1806 4758 1971 4832 presentes

420 4859 672 4940 participabunt.

632 5105 676 5168 A.
706 5121 804 5186 1474,
829 5104 1020 5169 Decembris
1049 5109 1102 5180 18,
1127 5105 1158 5167 in
1183 5105 1337 5188 capitulo.

530 5259 618 5330 646.
652 5263 712 5345 (ΙΙΙ.
743 5279 777 5346 15
785 5267 869 5346 50)..
902 5265 1037 5329 Peracta
1060 5269 1270 5349 processione
1294 5265 1347 5327 dni
1377 5264 1596 5346 capitulariter
1625 5263 1817 5345 congregati
1841 5261 1968 5324 manda-

417 5382 533 5435 verunt
557 5374 835 5454 procuratoribus,
869 5386 904 5439 ut
935 5375 1013 5438 dent
1044 5395 1102 5456 per
1126 5395 1186 5436 sex
1210 5393 1344 5455 grossos
1369 5373 1474 5447 laicis,
1509 5373 1564 5453 qui
1596 5370 1760 5433 ducebant
1791 5389 1907 5451 aquarn
1938 5370 1968 5430 in

418 5479 556 5561 propriis
580 5481 648 5542 sive
671 5480 783 5544 alienis
806 5484 906 5545 curris
930 5502 990 5563 pro
1015 5483 1089 5563 igne
1113 5480 1346 5563 extinguendo
1378 5478 1509 5560 quando
1540 5477 1657 5540 domus
1688 5497 1797 5540 vener.
1822 5475 1906 5538 Petri
1932 5475 1971 5536 de

417 5585 564 5670 Pnyewy
587 5588 729 5650 cantoris
752 5587 897 5652 ardebat.
