4390 6368
460 597 521 663 190
962 583 1057 637 ACTA
1076 583 1239 637 CAPITULI
1257 581 1513 636 POZNANIENSIS

558 793 646 863 999.
673 796 785 880 (Ibidl.
821 797 903 862 Item
927 800 1165 863 constituerunt
1188 799 1218 862 in
1244 808 1488 882 procuratorem
1523 798 1621 860 dnum
1654 796 1813 861 Mathiam
1837 795 1877 860 de
1901 796 2003 880 Sapo·

444 923 555 984 wycze
578 902 753 985 plebanum
779 905 809 966 in
832 905 1005 968 Scorzcwo
1028 907 1200 970 absentem
1224 917 1380 988 tanquam
1404 913 1589 987 presentem
1622 905 1727 968 solum
1751 905 1946 968 insolidum
1963 905 2004 968 ad

444 1012 734 1106 representandum
759 1032 794 1074 se
817 1032 892 1074 cum
916 1014 988 1094 ipso
1012 1015 1252 1078 constitutionis
1276 1013 1431 1078 mandato
1456 1032 1565 1074 coram
1592 1033 1686 1094 mgro
1710 1011 1840 1075 Thoma
1863 1013 2005 1094 plebano
2037 1037 2039 1040 ·

445 1119 476 1180 in
500 1117 639 1199 Leopoli
662 1129 695 1181 et
718 1119 788 1181 aliis
821 1120 1049 1182 commissariis
1081 1121 1113 1182 in
1137 1120 1257 1183 Russia
1292 1121 1333 1184 ad
1369 1119 1623 1202 dispensandum
1658 1122 1801 1200 graciam
1836 1119 2004 1182 iubilei

444 1224 585 1286 Romam
610 1246 668 1307 per
692 1225 790 1288 dnum
825 1225 933 1305 Epum
966 1226 1105 1290 Poznan.
1132 1227 1275 1290 eiusdem
1312 1229 1420 1308 gracie
1456 1227 1712 1289 commissarium
1737 1236 1770 1289 et
1794 1237 2003 1290 executorem

445 1331 655 1413 principalem
680 1333 710 1394 in
735 1333 820 1396 dicte
844 1333 1054 1414 Leopoliensi
1071 1343 1104 1396 et
1121 1334 1189 1398 aliis
1214 1336 1331 1398 Russie
1357 1333 1631 1418 Cracoviensique
1654 1334 1839 1397 diocesibus
1855 1335 2004 1396 commis-

444 1440 535 1502 sariis
560 1451 593 1502 et
616 1440 658 1503 ab
681 1440 727 1502 eis
752 1440 957 1522 singulariter
981 1442 1115 1524 singulis
1139 1451 1172 1505 et
1196 1441 1265 1505 aliis
1288 1442 1440 1505 omnibus
1464 1442 1673 1506 ecclesiarum
1690 1440 1922 1523 parochialium
1937 1461 2004 1502 rec·

445 1545 569 1610 toribus
593 1557 626 1610 et
649 1565 760 1608 eorum
783 1549 1060 1630 vicesgerentibus
1084 1569 1226 1612 summas
1250 1568 1366 1611 omnes
1389 1559 1423 1613 et
1446 1549 1592 1630 singulas
1608 1548 1648 1612 de
1665 1549 1736 1630 ipsa
1765 1549 1870 1630 gratia
1892 1547 2005 1610 iubi-

345 1643 360 1668 ²
445 1653 507 1715 lei
530 1653 731 1716 contributas
754 1664 787 1717 et
811 1655 1063 1720 contribuendas
1088 1656 1316 1737 repetendum,
1341 1655 1553 1736 exigendum,
1577 1655 1749 1718 levandum
1778 1675 1816 1716 ac
1845 1655 1887 1718 ad
1910 1652 2003 1716 fidele

445 1760 631 1841 depositum
655 1760 707 1823 vel
731 1762 762 1822 in
787 1761 948 1824 cambium
972 1783 1045 1824 curn
1069 1763 1206 1826 utilitate
1238 1774 1271 1826 et
1294 1762 1469 1825 commodo
1504 1763 1640 1826 ecclesie
1676 1762 1817 1824 Poznan.
1853 1761 2004 1838 dandum¹

446 1865 649 1949 ponendum,
686 1867 857 1930 locandum
893 1879 926 1931 et
961 1870 1230 1932 committendum
1267 1870 1308 1932 de
1342 1871 1506 1952 perceptis
1538 1891 1598 1952 per
1628 1889 1700 1932 eum
1725 1879 1759 1932 et
1788 1867 1902 1932 levatis
1926 1869 2005 1949 quit·

446 1973 579 2037 tandum
604 1983 666 2038 etc.

660 2169 702 2231 Α.
733 2183 831 2249 1505,
855 2169 998 2252 Augusti
1024 2187 1086 2252 29,
1109 2173 1141 2232 iu
1165 2170 1319 2252 capitulo.

558 2307 668 2375 1000.
702 2311 865 2394 (V11.9⁰).
904 2311 1027 2376 Ibidem
1059 2313 1175 2396 prelati
1205 2312 1260 2375 dni
1291 2313 1332 2376 ad
1356 2313 1548 2394 petitionem
1573 2311 1782 2394 providorum
1807 2309 1893 2373 Pauli
1919 2309 2004 2373 Wal-

446 2417 529 2498 kyer
553 2429 586 2480 et
609 2417 735 2480 Nicolai
752 2417 872 2482 Ruczel
894 2420 1062 2483 consulum
1086 2420 1225 2482 Poznan.
1244 2421 1374 2482 nomine
1391 2421 1491 2484 totius
1506 2420 1693 2483 consulatus
1711 2419 1842 2500 pretorii
1861 2417 2000 2482 Poznan.

446 2525 565 2589 iactam
591 2525 748 2588 moderati
772 2537 846 2590 sunt
870 2547 989 2607 penam
1025 2549 1116 2590 suam
1149 2527 1374 2590 hereditariam
1411 2525 1547 2590 lohanni
1579 2526 1668 2589 Drab
1698 2527 1827 2588 almano
1852 2527 2005 2589 muratori

446 2632 487 2696 de
511 2631 780 2714 Chwalyschewo
804 2635 1047 2715 presbitericide
1072 2635 1147 2698 olim
1173 2635 1226 2696 dni
1250 2633 1401 2698 Stanislai
1425 2633 1466 2696 de
1490 2633 1637 2697 Srzodka
1659 2633 1825 2696 substituti
1848 2633 1889 2696 ad
1909 2631 2006 2696 eccle·

445 2741 525 2802 siam
550 2740 579 2802 b.
605 2740 747 2822 Virginis
772 2743 803 2802 in
828 2761 955 2804 summo
980 2741 1119 2804 Poznan.
1145 2741 1189 2804 ob
1213 2741 1244 2804 id
1268 2741 1373 2804 scelus
1396 2741 1567 2822 sacrilegii,
1594 2761 1653 2822 per
1675 2761 1754 2806 eum
1778 2742 1809 2802 in
1827 2740 1926 2802 domo
1948 2760 2006 2802 sua

446 2868 545 2929 super
568 2846 837 2929 Chwalyschewo
861 2848 902 2910 de
926 2859 1023 2911 nocte
1047 2858 1226 2930 patratum,
1262 2848 1407 2912 debitam
1442 2849 1699 2929 dimiseruntque
1726 2848 1767 2912 ad
1791 2848 1904 2910 decem
1927 2847 2005 2909 dun-

446 2964 540 3018 taxat
564 2974 688 3017 marcas
712 2964 844 3018 monete
868 2965 901 3018 et
925 2957 1048 3018 numeri
1072 2955 1318 3030 Polonicalium,
1353 2957 1393 3018 de
1417 2957 1535 3038 quibus
1558 2956 1665 3018 solvet
1705 2965 1738 3018 et
1762 2954 1852 3017 dabit
1876 2954 1947 3016 duis
1971 2953 2003 3016 V

447 3081 573 3124 marcas
597 3061 638 3124 ad
662 3083 686 3125 s.
711 3061 841 3124 Martini
865 3073 898 3124 et
922 3062 954 3125 V
979 3062 1058 3126 alias
1082 3055 1207 3126 marcas
1230 3063 1272 3126 ad
1307 3084 1333 3125 s.
1357 3062 1509 3126 Iohannis
1544 3062 1693 3144 Baptiste
1730 3061 1813 3124 lesta
1836 3081 1930 3142 prox.
1953 3080 2004 3122 ex-

447 3188 531 3230 nunc
555 3189 589 3230 se
614 3173 796 3250 sequentia;
832 3179 865 3232 et
889 3171 1015 3232 interim
1040 3169 1100 3232 sibi
1124 3169 1249 3234 salvum
1285 3169 1482 3232 conductum
1517 3179 1779 3252 prorogaverunt
1803 3188 1840 3229 ac
1864 3167 2005 3230 vendere

446 3273 578 3338 domum
602 3296 692 3338 suam
718 3288 751 3340 et
774 3277 883 3339 omnia
906 3297 976 3348 sua,
1012 3277 1037 3338 si
1063 3297 1125 3358 que
1160 3277 1260 3339 habet
1293 3278 1325 3338 in
1358 3275 1627 3357 Chwalyschewo
1662 3285 1694 3339 et
1730 3295 1765 3337 se
1801 3276 1908 3356 ipsum
1931 3291 2004 3336 cum

447 3403 549 3446 uxore
581 3384 699 3446 exinde
734 3385 810 3447 alibi
839 3383 1012 3448 transferre
1038 3394 1071 3446 et
1095 3383 1235 3446 alienare
1270 3384 1484 3446 decreverunt
1507 3393 1541 3444 et
1566 3383 1803 3445 mandaverunt
1829 3381 1890 3444 sub
1913 3378 2006 3461 penis

446 3490 688 3569 dorninationis;
724 3504 757 3554 et
782 3503 931 3572 preterea
955 3491 1183 3554 concluserunt
1214 3511 1287 3552 cum
1312 3491 1389 3572 ipsis
1414 3489 1484 3551 dnis
1517 3489 1705 3552 consulibus
1728 3509 1789 3570 pro
1823 3488 1896 3568 ipso
1919 3486 2008 3550 Drab

447 3597 737 3670 intercedentibus,
769 3598 856 3678 quod
881 3599 950 3679 ipse
975 3597 1066 3661 Drab
1096 3597 1255 3679 obligabit
1287 3618 1323 3659 se
1347 3617 1475 3658 exnunc
1500 3616 1573 3658 cum
1597 3595 1757 3678 aliquibus
1780 3595 1949 3676 fidedignis
1973 3604 2006 3657 et

450 3707 702 3786 possessionatis
726 3707 756 3767 in
782 3706 854 3787 ipso
878 3705 1002 3786 oppido
1028 3705 1267 3768 fideiussoribus
1292 3705 1357 3767 suis
1381 3713 1460 3785 aput
1484 3715 1556 3766 acta
1580 3703 1765 3766 consistorii
1787 3701 1928 3764 Poznan.
1945 3701 2006 3764 sol·

448 3833 524 3875 vere
549 3813 652 3875 dictas
676 3813 707 3874 Χ
732 3832 856 3875 marcas
881 3812 951 3875 dnis
975 3810 1016 3873 ad
1041 3813 1196 3875 terminos
1221 3812 1399 3894 predict0s;
1423 3821 1456 3875 et
1479 3811 1562 3874 dnus
1588 3809 1715 3890 Olesky
1740 3819 1933 3891 procurator
1956 3828 2004 3870 ac-

446 3918 592 4000 ceptabit
616 3921 720 3999 ipsam
756 3919 992 4001 obligationem
1028 3919 1159 3980 nomine
1182 3919 1313 4001 capituli
1338 3930 1370 3980 et
1394 3918 1523 3980 inscribi
1548 3918 1589 3979 ad
1614 3927 1688 3980 acta
1712 3917 1879 3998 disponet,
1915 3915 2005 3978 salva

446 4027 609 4090 solutione
633 4047 692 4106 pro
718 4047 803 4106 pena
829 4027 966 4089 ecclesie
991 4027 1078 4088 Rmo
1103 4025 1168 4088 dno
1193 4025 1329 4088 Iohanni
1353 4025 1428 4106 Epo
1452 4025 1590 4088 Poznan.
1617 4045 1675 4105 per
1698 4023 1819 4086 dictum
1838 4021 1927 4085 Drab
1944 4041 2004 4103 pro

446 4133 579 4196 arbitrio
603 4133 749 4196 eiusdem
772 4133 848 4194 Rmi
873 4133 926 4194 dni
950 4131 1148 4213 imponenda
1171 4141 1204 4194 et
1230 4132 1389 4196 facienda.

661 4353 703 4415 A.
733 4367 831 4433 1505,
856 4351 1061 4434 Septembris
1087 4369 1123 4432 3,
1148 4353 1179 4414 in
1205 4352 1357 4432 capitulo.

557 4491 667 4560 1001.
692 4495 773 4576 (VII.
803 4497 863 4576 10).
898 4495 1022 4557 Ibidem
1058 4494 1293 4576 deputaverunt
1319 4493 1395 4577 [dni]
1420 4515 1527 4556 vener.
1552 4493 1638 4556 dnos
1679 4491 1850 4554 Nicolaum
1875 4489 2006 4554 Cotvicz

445 4603 704 4664 archidiaconum
729 4613 762 4666 et
786 4601 1028 4685 Sigismundum
1052 4602 1093 4664 de
1116 4601 1345 4683 Camyenyecz
1379 4602 1569 4662 canonicum
1605 4597 1744 4662 Poznan.
1776 4607 1944 4678 presentes
1972 4605 2006 4658 et

445 4719 655 4792 acceptantes
680 4711 878 4792 equitaturos
902 4721 1060 4790 exparte
1084 4709 1214 4789 capituli
1239 4709 1279 4770 ad
1303 4707 1499 4770 sinodum
1524 4705 1838 4787 provincialem
1863 4703 2005 4765 Lanci-

446 4817 629 4879 ciensem
652 4836 713 4898 pro
736 4817 821 4878 lesto
846 4814 917 4879 OO.
941 4815 1135 4878 Sanctorum
1160 4817 1310 4894 proximo
1335 4813 1566 4878 celebrandam
1590 4822 1623 4876 et
1648 4832 1706 4874 eos
1729 4813 1761 4874 in
1778 4819 2005 4892 procuratores

444 4944 483 4986 ac
506 4924 647 4987 sindicos
670 4925 800 4986 nomine
823 4923 923 4986 totius
946 4922 1078 5003 capituli
1101 4921 1395 4985 constituerunt...

658 5143 700 5205 A.
732 5156 829 5224 1505,
854 5141 1058 5224 Septembris
1087 5159 1141 5217 12,
1165 5143 1197 5204 in
1221 5142 1371 5224 capitulo.

557 5282 668 5351 1002.
693 5284 774 5368 (VII.
804 5285 860 5366 10).
896 5285 1020 5348 Ibidem
1047 5283 1125 5368 [dni]
1150 5285 1362 5348 decreverunt
1396 5281 1649 5346 anniversarium
1688 5300 1749 5362 pro
1773 5278 1879 5340 salute
1902 5277 2006 5339 anime

446 5395 523 5458 Sme
548 5394 611 5457 dne
636 5390 865 5454 Elisabeth
889 5391 965 5454 olim
997 5393 1109 5474 regine
1133 5391 1266 5454 Polonie
1296 5400 1449 5452 veterane
1481 5387 1549 5451 Smi
1573 5387 1650 5449 oliui
1674 5385 1831 5448 Kazimiri
1854 5385 1939 5466 regis
1960 5403 2006 5444 re·

444 5503 524 5565 licte
547 5519 650 5582 nuper
674 5498 826 5562 defuncte
851 5521 909 5581 per
932 5501 1016 5563 dnos
1040 5501 1102 5562 iam
1127 5497 1224 5562 hodie
1248 5497 1472 5570 decantatum,
1497 5495 1623 5558 duabus
1639 5494 1754 5555 marcis
1771 5491 1908 5574 pecunie
1931 5509 2006 5572 pon·

446 5610 557 5678 talium
582 5607 706 5671 eisdem
731 5607 803 5674 duis
827 5608 1035 5673 cantantibus
1058 5627 1119 5689 per
1141 5615 1384 5689 procuraturem
1408 5603 1541 5687 capituli
1564 5602 1633 5664 fore
1656 5599 1856 5664 solvendum.
