4458 6356
940 586 1031 638 nuru
1050 585 1127 641 1433.
1770 591 1809 668 23

262 805 439 884 perceptis,
464 805 648 884 petiverunt
672 822 745 864 cum
768 803 926 864 instancia
949 802 1058 864 debita
1081 823 1140 883 per
1163 801 1306 882 prelatos
1330 800 1413 862 dnos
1430 800 1573 882 prelatos
1594 811 1626 862 et
1642 803 1816 862 canonicos

263 910 304 972 ad
327 911 558 973 execucionem
583 920 779 973 statutorum
804 921 837 972 et
861 930 962 990 penas
994 911 1027 970 in
1050 911 1095 972 eis
1128 919 1300 972 contentas
1332 917 1446 970 contra
1477 907 1615 969 eundern
1647 907 1746 968 dnum
1770 907 1814 968 M.

262 1017 303 1078 de
327 1016 507 1098 Chlapowo
531 1018 721 1078 canonicum
753 1016 894 1097 procedi.
944 1013 1138 1096 Quiquidem
1171 1016 1225 1077 dni
1256 1014 1370 1095 prelati
1403 1024 1435 1076 et
1459 1014 1605 1075 canonici
1628 1013 1724 1075 finem
1749 1033 1816 1093 par-

262 1124 348 1186 tibus
372 1144 469 1204 super
493 1123 719 1204 questionibus
749 1135 787 1184 ae
810 1124 920 1204 petitis
945 1133 1081 1202 propter
1104 1123 1300 1204 paucitatem
1325 1141 1535 1201 personarum
1560 1122 1728 1201 imponere
1752 1140 1818 1180 non

261 1229 421 1304 valentes,
452 1233 625 1293 terminum
649 1249 709 1311 pro
734 1229 985 1293 determinandis
1009 1229 1193 1291 huiusmodi
1225 1229 1449 1310 questionibus
1473 1248 1576 1308 usque
1600 1237 1676 1308 post
1700 1227 1818 1289 festum

262 1337 294 1399 b.
319 1336 540 1400 Bartholomei
564 1336 772 1411 distulerunt,
796 1338 1026 1409 decernentes,
1059 1337 1147 1418 quod
1173 1356 1232 1398 nec
1257 1336 1318 1416 ipsi
1342 1336 1395 1396 dni
1418 1334 1579 1413 lohannes
1603 1335 1740 1396 vicarius
1763 1343 1818 1395 aut

263 1444 413 1507 Clemens
442 1444 602 1518 officialis,
633 1464 740 1525 neque
774 1444 879 1506 dictus
909 1445 991 1505 dnus
1022 1443 1163 1506 Mathias
1187 1464 1303 1506 canon.
1329 1444 1515 1524 questiones
1547 1442 1707 1522 predictas
1738 1442 1820 1502 inter

261 1553 350 1632 ipsos
374 1561 480 1615 motas
503 1551 582 1612 nulli
606 1570 746 1632 persone
769 1561 926 1612 extranee
949 1549 1141 1613 revelabunt
1165 1551 1225 1613 sub
1257 1550 1350 1632 penis
1381 1550 1509 1630 periurii
1541 1558 1574 1610 et
1598 1547 1819 1628 suspensionis

262 1657 447 1739 acapitulo
470 1658 512 1720 ad
536 1677 635 1719 unum
664 1677 828 1721 annum..
868 1657 949 1720 Item
983 1658 1102 1719 ibidem
1134 1677 1241 1720 vener.
1267 1658 1349 1720 dnus
1374 1655 1525 1719 Clemens
1549 1654 1692 1717 officialis
1716 1664 1820 1734 prote·

263 1775 367 1829 status
397 1776 463 1839 est,
497 1765 663 1846 quomodo
688 1764 742 1825 dni
771 1765 811 1827 de
835 1764 978 1846 capitulo
1010 1775 1117 1827 actum
1141 1764 1181 1826 de
1205 1765 1418 1846 suspensione
1442 1764 1586 1836 termini,
1611 1763 1692 1825 inter
1715 1762 1819 1841 ipsum

264 1871 363 1933 dnum
389 1871 590 1935 Clementem
615 1872 799 1946 officialem,
820 1871 1001 1952 Johannem
1017 1873 1169 1935 vicarium
1187 1873 1217 1933 in
1235 1871 1476 1952 Spiritualibus,
1501 1870 1541 1932 ab
1559 1891 1634 1944 una,
1659 1879 1692 1932 et
1707 1869 1820 1930 honor.

266 1978 364 2042 dnum
388 1977 544 2040 Mathiam
569 1979 609 2040 de
633 1977 814 2060 Chlapowo
839 1999 954 2042 canon.
989 1980 1084 2043 Pozn.
1113 2000 1210 2060 super
1235 1979 1458 2060 questionibus
1483 1978 1579 2039 motis
1604 1976 1764 2057 suspensi,
1790 1976 1819 2036 in

266 2087 398 2148 matrica
421 2086 565 2166 presenti
589 2105 748 2166 reponere
772 2106 837 2148 non
862 2087 1053 2168 permiserit.

479 2304 523 2368 A.
553 2321 652 2384 1433,
671 2305 744 2385 Julii
769 2323 819 2380 21,
843 2307 875 2367 in
900 2305 1041 2388 capitulo
1065 2306 1218 2388 generali.

375 2443 460 2511 123.
486 2447 520 2526 (l.
544 2448 639 2528 111⁰).
665 2447 715 2508 De
739 2448 982 2510 contribucione
1006 2449 1060 2510 dni
1083 2449 1185 2531 Regis
1204 2484 1243 2493 —
1261 2447 1323 2510 Die
1346 2447 1504 2510 Martis.
1528 2467 1636 2508 vener.
1658 2457 1691 2508 et
1706 2443 1820 2509 honor.

265 2555 322 2616 viri
345 2553 440 2617 dni..
477 2553 591 2635 prelati
615 2565 648 2616 et
672 2555 859 2618 canonici..
892 2555 1120 2628 decreverunt,
1152 2554 1238 2636 quod
1263 2574 1370 2616 vener.
1401 2554 1448 2614 vir
1471 2552 1554 2614 dnus
1578 2551 1730 2615 Clemens
1754 2552 1822 2614 offi-

266 2661 353 2723 cialis
378 2660 517 2723 Poznan.
543 2660 730 2722 informabit
762 2661 860 2723 dnum
891 2661 1061 2743 Regem,
1098 2675 1254 2742 quantum
1286 2645 1369 2722 dnus
1398 2660 1489 2740 Epus
1521 2659 1660 2722 Poznan.
1693 2658 1821 2721 solvere

266 2777 414 2830 teneatur
438 2788 498 2848 pro
523 2768 766 2830 contributione
789 2768 907 2850 regali,
932 2769 985 2849 qui
1010 2769 1093 2830 dnus
1116 2768 1191 2831 Rex
1207 2762 1259 2852 [si]
1277 2789 1336 2848 per
1352 2767 1489 2829 eundem
1506 2767 1604 2828 dnum
1623 2765 1821 2830 Clementem

267 2873 436 2937 officialem
461 2895 525 2936 non
549 2874 642 2936 fuerit
666 2874 871 2947 informatus,
905 2876 1213 2950 determinaverunt,
1238 2875 1327 2956 quod
1350 2894 1457 2936 vener.
1481 2874 1564 2936 dnus
1588 2873 1629 2935 N.
1654 2874 1694 2936 de
1718 2871 1823 2934 Glam·

265 2981 403 3044 boczecz
426 2979 595 3043 archidiac.
620 2981 760 3043 Poznan.
786 2982 924 3044 eundem
949 2983 1048 3044 dnum
1073 2982 1199 3064 Regem
1224 2982 1264 3043 de
1288 2981 1454 3044 solucione
1471 2979 1722 3042 contribucionis
1746 2981 1823 3040 eius·

266 3089 340 3149 dem
372 3086 565 3150 sufficienter
596 3087 790 3150 inlormabit.
823 3125 866 3135 -
897 3089 978 3151 Item
1010 3089 1128 3150 ibidem
1164 3089 1391 3158 decreverunt,
1428 3087 1516 3167 quod
1548 3087 1574 3149 si
1606 3087 1636 3148 in
1667 3097 1822 3167 quantum

266 3194 369 3256 Rmus
393 3205 486 3276 pater
510 3195 592 3256 dnus
615 3193 795 3257 Stanislaus
824 3195 915 3277 Epus
947 3195 1086 3258 Poznan.
1120 3216 1186 3256 non
1219 3196 1431 3277 responderet
1464 3195 1504 3256 de
1535 3193 1654 3255 fabrica
1686 3193 1822 3255 ecclesie

266 3323 326 3382 pro
350 3301 410 3363 hac
433 3302 511 3374 vice,
529 3303 759 3364 commiserunt
775 3323 883 3364 vener.
899 3303 964 3365 dno
982 3303 1022 3366 N.
1044 3303 1271 3364 archidiacono
1288 3301 1438 3376 Poznan.,
1463 3300 1550 3382 quod
1567 3303 1667 3362 eciam
1685 3301 1822 3382 Regiam

266 3409 367 3472 Mtem
391 3408 588 3472 informabit.

480 3601 523 3664 A.
554 3619 651 3682 1433,
671 3602 744 3682 Julii
768 3619 827 3682 23,
852 3604 882 3664 in
907 3603 1049 3684 capitulo
1074 3603 1226 3684 generali.

382 3739 465 3808 124.
491 3743 526 3825 (Ι.
558 3742 637 3824 112).
662 3743 713 3804 De
736 3744 981 3807 contribucione
1005 3745 1094 3826 regia
1117 3781 1161 3790 -—
1184 3744 1302 3806 Vener.
1327 3745 1384 3806 viri
1410 3745 1505 3806 dni..
1529 3743 1644 3824 prelati
1669 3753 1701 3805 et
1725 3763 1819 3804 cano-

267 3851 328 3912 nici
346 3898 374 3912 ..
398 3851 474 3912 visis
499 3851 613 3913 litteris
637 3849 704 3913 Smi
729 3852 883 3932 principis
907 3852 961 3913 dni
985 3851 1210 3914 Wladislai
1241 3852 1343 3933 Regis
1367 3851 1518 3924 Polonie,
1554 3852 1585 3912 in
1610 3850 1726 3930 quibus
1750 3850 1822 3911 scri·

268 3958 332 4038 psit
355 3956 395 4018 de
419 3957 585 4019 solucione
609 3958 946 4020 contribucionis
969 3959 1074 4020 eidem
1099 3960 1164 4021 dno
1188 3960 1272 4040 Regi
1296 3959 1412 4031 debite,
1437 3977 1546 4019 vener.
1564 3957 1663 4020 dnum
1680 3956 1824 4019 Clemen-

267 4075 334 4126 tem
358 4063 398 4126 de
421 4064 606 4136 Drzewicza
631 4063 799 4126 officialem
824 4063 965 4127 Poznan.
990 4075 1178 4127 exactorem
1201 4064 1384 4128 huiusmodi
1400 4065 1651 4126 contribucionis
1668 4064 1708 4124 ad
1726 4063 1823 4124 dnum

268 4170 394 4252 Regem
418 4171 460 4232 ad
484 4171 624 4234 dandam
648 4172 810 4234 racionem
835 4172 951 4234 iturum
968 4172 1205 4251 deputaverunt
1222 4183 1254 4234 et
1278 4172 1457 4234 litteras
1480 4170 1545 4232 dno
1567 4171 1650 4251 Regi
1667 4191 1765 4250 super
1780 4171 1824 4230 in·

269 4277 467 4340 formacione
489 4278 740 4340 contribucionis
764 4279 908 4340 eiusdem
934 4299 992 4360 per
1023 4280 1144 4342 dictum
1176 4279 1274 4341 dnum
1299 4277 1501 4341 Clementem
1527 4277 1695 4339 officialem
1719 4277 1825 4338 danda

268 4384 456 4447 scribendas
479 4384 701 4451 decreverunt.

480 4603 522 4667 A.
552 4621 651 4684 1433,
670 4603 744 4684 Julii
768 4607 828 4691 28,
852 4607 883 4667 in
908 4606 1051 4686 capitulo
1075 4606 1227 4689 generali.

379 4740 464 4810 125.
488 4744 521 4826 (Ι.
551 4745 681 4824 112⁰)..
716 4745 843 4808 Rmo..
876 4746 940 4808 dno
964 4746 1126 4810 Stanislao
1149 4747 1224 4828 Epo
1248 4747 1386 4809 Poznan.
1412 4749 1443 4808 in
1467 4747 1575 4808 medio
1599 4745 1730 4826 capituli
1754 4765 1825 4806 con·

270 4853 384 4914 stituto
408 4871 515 4914 vener.
540 4852 597 4914 viri
622 4852 676 4914 dni
699 4853 839 4916 Mathias
869 4853 956 4933 Drya
980 4855 1121 4916 decanus
1144 4853 1242 4916 Pozn.
1267 4863 1300 4916 et
1324 4854 1449 4927 Hector
1473 4853 1658 4934 prepositus
1682 4851 1824 4914 Gluschi-

269 4959 378 5020 nensis
402 4977 512 5020 coram
537 4978 647 5022 vener,
673 4969 706 5022 et
729 4959 844 5022 honor.
869 4960 940 5022 dnis
959 4960 1102 5022 'Nicolao
1119 4961 1159 5022 de
1176 4959 1411 5023 Glamboczecz
1427 4959 1663 5032 archidiacono,
1689 4958 1826 5020 Nicolao

272 5062 453 5138 scolastico,
487 5063 529 5127 N.
555 5063 594 5125 de
619 5063 730 5128 Gorlra
754 5065 953 5139 cancellario,
978 5067 1073 5130 Petro
1098 5067 1256 5149 Hungaro
1280 5067 1477 5141 Srzemensi,
1513 5067 1655 5128 Alberto
1679 5066 1719 5127 de
1739 5064 1826 5144 laro-

271 5169 401 5233 schewo
433 5170 616 5234 Pczewensi
648 5170 896 5246 archidiaconis,
932 5193 1025 5254 mgro
1057 5173 1289 5250 Strzeszlrone,
1324 5174 1467 5237 Hectore
1492 5173 1659 5254 preposito
1684 5169 1827 5232 Gluschi·

272 5278 380 5352 nensi,
415 5277 553 5340 Nicolao
584 5278 785 5351 Lanthman,
821 5279 863 5341 N.
889 5279 1104 5362 Czothczany,
1139 5281 1236 5343 Petro
1261 5282 1441 5361 Nowyecz,
1476 5277 1826 5351 Nicolao.Srzemensi,

272 5383 395 5447 Mathia
419 5385 459 5448 de
483 5385 647 5448 Tarnowo
671 5397 703 5449 et
725 5385 870 5466 Johanne
895 5386 1036 5448 Furman
1061 5388 1193 5467 prelatis
1218 5399 1251 5450 et
1275 5389 1437 5450 canonicis
1452 5387 1672 5467 capitulariter
1695 5405 1827 5466 congre·

272 5492 356 5571 gatis
378 5493 599 5556 innocentiam
624 5513 721 5574 super
737 5493 928 5574 quibusdam
945 5495 1081 5557 sinistris
1104 5496 1254 5577 articulis,
1278 5516 1373 5576 quos,
1399 5506 1496 5575 prout
1517 5493 1744 5567 deducebatur,
1761 5493 1827 5553 dno

272 5597 356 5679 Regi
380 5609 413 5661 et
436 5600 522 5662 Rmo
546 5600 630 5680 patri
653 5600 718 5661 dno
742 5598 905 5661 Stanislao
930 5603 1059 5664 nomine
1076 5601 1207 5683 capituli
1229 5601 1418 5677 referebant,
1442 5602 1529 5682 apud
1545 5599 1683 5662 eundem
1707 5598 1826 5660 Rmum

376 5711 473 5752 nonum.
489 5709 552 5752 mean
566 5710 613 5752 aen
628 5711 680 5752 urst.
696 5711 757 5752 x111.
1656 5701 1674 5754 4
