4390 6368
446 545 510 619 218
971 549 1065 600 nem
1084 545 1248 600 cunnum
1268 539 1524 599 rozunumusrs

1301 643 1411 648 ῌ-.-
1420 642 1493 648 .-.-..
1811 633 1997 646 -.,.......-....

447 768 610 850 palatinus
632 786 805 847 germanus
828 764 884 828 dni
907 765 968 846 Epi
992 763 1133 827 defuncti
1157 763 1310 838 faciebat,
1334 763 1446 826 datum
1469 772 1538 826 erat
1562 763 1592 824 in
1615 761 1800 842 depositum
1824 760 1865 822 ad
1891 759 2000 822 fideles

448 896 562 938 manus
586 875 652 936 dno
672 873 761 935 Luce
785 872 826 936 de
850 871 961 935 Gorlra
985 873 1162 934 castellano
1187 872 1326 935 Poznan.
1352 881 1385 933 et
1408 872 1580 950 capitaneo
1597 868 1729 930 Maioris
1745 867 1889 940 Polonie‚
1912 867 2000 948 quod

448 982 581 1045 tandem
605 982 674 1060 ipse
698 980 781 1042 dnus
802 980 991 1061 capitaneus
1015 979 1101 1040 Rmo
1125 1027 1153 1040 ..
1179 977 1244 1040 dno
1268 977 1364 1041 Petro
1389 975 1610 1058 Thomiczslry
1633 976 1707 1057 Epo
1730 975 1870 1038 Poznan.
1891 985 1924 1037 et
1940 975 2000 1054 ipsi

448 1091 514 1152 dno
538 1087 681 1170 palatino
705 1087 745 1148 de
769 1107 855 1148 anno
880 1087 943 1147 Dni
973 1101 1071 1165 1521,
1096 1085 1145 1147 IX
1169 1086 1275 1147 Martii
1300 1095 1455 1165 tanquam
1479 1085 1693 1164 depositarius
1717 1083 1899 1146 restitutum
1923 1082 2001 1143 fece

448 1206 497 1259 rat
521 1205 554 1258 et
578 1203 777 1274 reposuerat.

554 1302 768 1382 Recepta
791 1321 833 1362 ex
857 1301 985 1383 prelato
1009 1311 1145 1380 argento
1170 1318 1229 1382 per
1246 1299 1405 1380 prelatum
1423 1299 1521 1362 dnum
1538 1299 1717 1379 palatinum
1734 1297 2001 1359 Poznaniensem:

554 1409 702 1490 Inprimis
725 1407 757 1468 V
782 1407 942 1470 scutellas.
967 1443 1008 1452 —
1034 1407 1115 1468 Item
1146 1405 1193 1468 VI
1218 1427 1343 1488 cuppas
1368 1408 1537 1468 inauratas.
1562 1442 1604 1450 -
1629 1405 1710 1468 Item
1740 1405 1899 1466 coclearia
1923 1401 2001 1464 XVI

449 1516 642 1595 supradicta.
665 1551 708 1560 —
732 1515 812 1577 Item
838 1536 934 1578 unam
958 1515 1078 1578 furcam
1104 1515 1182 1578 alias
1207 1515 1350 1594 rrydelley.
1376 1551 1420 1560 -
1443 1513 1524 1576 Item
1558 1535 1656 1576 unum
1689 1512 1910 1575 lucibularium
1941 1531 2002 1592 pro

450 1643 508 1685 usu
533 1623 723 1684 domesticu.
740 1623 881 1686 —Item
906 1623 1042 1685 eutellos
1067 1643 1187 1703 parvos
1211 1623 1243 1684 X
1266 1643 1338 1685 cum
1364 1623 1484 1704 pusdro
1506 1631 1644 1703 argento
1661 1620 1845 1682 reformato.
1862 1655 1904 1663 —
1921 1617 2001 1680 Item

450 1731 532 1793 ultra
556 1729 617 1790 hec
641 1750 738 1791 unam
762 1731 929 1809 oponlcam
954 1751 1027 1791 cum
1051 1731 1148 1791 armis
1177 1729 1361 1791 Godnomha
1386 1731 1504 1792 dictam
1529 1729 1638 1790 lanka.
1666 1766 1706 1772 ·-
1731 1727 1876 1789 Prelatus
1900 1725 2002 1786 Rmus

450 1838 532 1899 dnus
555 1837 647 1918 Epus
671 1857 714 1898 ex
737 1839 833 1899 certis
857 1838 961 1899 causis
984 1838 1125 1898 animum
1158 1857 1215 1898 sue
1246 1835 1313 1898 Ptis
1344 1837 1430 1898 Rme
1461 1835 1667 1898 moventibus
1699 1833 1760 1895 hec
1791 1834 1861 1913 ipsa
1895 1852 2003 1912 supra-

450 1945 570 2025 scripta
594 1944 659 2005 dno
684 1944 828 2024 palatino
852 1945 1015 2006 concessit
1039 1955 1071 2006 et
1096 1943 1184 2005 dono
1208 1944 1307 2006 dedit.

556 2047 743 2131 Sequuntur
765 2050 826 2114 alie
850 2072 902 2114 res
926 2051 1044 2114 ibidem
1069 2053 1100 2112 in
1124 2053 1257 2114 curia
1282 2051 1556 2133 episcopali
1581 2059 1726 2130 reperte:

556 2157 637 2220 Item
662 2157 694 2218 X
715 2157 864 2240 sncrinky
886 2160 990 2221 serico
1013 2169 1046 2221 et
1069 2179 1147 2220 auro
1172 2160 1306 2220 intexte.
1335 2195 1375 2204 —-
1401 2159 1482 2220 Item
1515 2158 1546 2221 V
1571 2157 1772 2236 manutergia
1802 2155 1899 2217 etiam
1930 2171 2004 2213 cum

450 2284 539 2326 auro.
564 2263 712 2326 -Item
736 2263 926 2328 dalmutium
958 2265 999 2328 de
1032 2265 1180 2329 armellis.
1207 2303 1245 2310 -
1271 2265 1351 2328 Item
1384 2276 1543 2346 cooperta
1576 2285 1636 2345 pro
1667 2265 1792 2344 palpito
1824 2263 1931 2324 altaris
1964 2261 2005 2322 de

450 2389 559 2452 panno
583 2390 682 2433 aureo
705 2370 843 2452 lcntlasy.
860 2409 902 2416 —
919 2371 1001 2434 Item
1026 2372 1173 2454 pulvinar
1197 2373 1237 2434 de
1261 2374 1354 2435 simili
1380 2393 1490 2453 panno
1514 2393 1622 2435 aureo
1640 2408 1681 2417 —
1699 2373 1780 2434 Item
1804 2371 1866 2432 alia
1889 2379 2004 2449 operta

451 2477 564 2560 palpiti
587 2478 628 2540 de
652 2479 745 2540 simili
770 2499 888 2559 panno,
914 2517 954 2524 —
979 2481 1059 2542 Item
1085 2491 1218 2542 ornatus
1243 2481 1283 2542 de
1307 2481 1418 2542 hallas
1449 2501 1547 2542 aureo
1579 2499 1652 2542 cum
1684 2479 1833 2541 omnibus
1868 2479 2005 2540 attinen-

450 2587 512 2648 tiis.
538 2621 578 2630 -
604 2583 687 2646 Item
711 2585 807 2647 infula
833 2587 872 2650 de
896 2587 1070 2650 adamasco
1095 2587 1171 2650 albo
1195 2589 1339 2670 simplici.
1365 2625 1404 2633 -
1431 2587 1512 2650 Item
1537 2587 1686 2668 rokyethy
1710 2587 1756 2649 IX
1780 2587 1820 2647 de
1844 2585 1909 2647 tela
1933 2585 2006 2646 sub-

450 2692 554 2756 tiliori.
580 2732 621 2742 —
646 2691 727 2754 Item
753 2695 908 2773 portatile
931 2695 1048 2758 altaris.
1074 2733 1111 2740 -
1140 2695 1221 2758 ltem
1245 2695 1310 2758 duo
1331 2696 1519 2777 antepedia:
1546 2716 1644 2756 unum
1661 2695 1702 2756 de
1719 2693 1852 2756 camcha
1869 2690 2006 2772 simplici

452 2799 553 2864 rubea
583 2811 616 2866 et
647 2799 734 2864 aliud
765 2801 805 2864 de
836 2802 1010 2865 adamasco
1043 2805 1158 2883 griseo.
1184 2803 1331 2867 -Item
1363 2815 1496 2866 ornatus
1531 2801 1571 2863 de
1602 2801 1737 2864 camcha
1771 2799 1906 2880 simplici
1933 2817 2005 2860 cum

452 2909 604 2972 omnibus
627 2909 813 2972 attinentiis.
837 2945 881 2954 —
904 2909 985 2972 Item
1017 2909 1064 2972 IX
1095 2912 1185 2991 paria
1209 2913 1419 2975 cirotecarum
1452 2907 1695 2992 episcopalium.
1721 2907 1867 2970 —Item
1901 2916 2008 2987 pecto·

453 3013 519 3077 rale
543 3035 675 3078 aureum
700 3037 773 3078 cum
798 3017 947 3078 catenula
971 3017 1115 3079 similiter
1138 3039 1243 3081 aurea.

559 3121 745 3204 Sequuntur
768 3144 828 3204 per
850 3122 949 3184 dnum
973 3124 1240 3203 palatinum
1265 3126 1424 3206 prelatum
1449 3135 1599 3206 recepta:

559 3229 641 3292 Item
665 3250 802 3310 compas
825 3241 1023 3312 argenteum.
1047 3267 1090 3276 -
1114 3231 1194 3294 Item
1220 3232 1370 3294 tunicella
1394 3232 1494 3294 rubea
1518 3233 1558 3293 de
1582 3231 1717 3312 simplici
1742 3229 1860 3304 lratlns,
1893 3247 2009 3312 eques-

453 3338 583 3398 tris-
607 3337 690 3399 Item
714 3337 817 3400 bireta
849 3337 896 3398 Vl
920 3337 1034 3412 rubea,
1064 3340 1239 3420 septimum
1270 3340 1490 3414 brunaticum,
1522 3351 1673 3403 octavum
1706 3339 1832 3420 nigrum
1864 3337 1905 3400 de
1935 3357 2009 3399 axa·

454 3451 574 3516 mento¹
598 3443 657 3506 sed
682 3443 823 3526 quedam
847 3443 918 3506 dnis
942 3453 1019 3508 tunc
1044 3446 1249 3526 presentibus
1274 3447 1342 3527 ipse
1366 3447 1449 3510 dnus
1473 3447 1635 3528 palatinus
1662 3445 1833 3508 distribuit.
1859 3481 1901 3490 --
1926 3444 2007 3506 Item

454 3549 569 3612 cordele
599 3561 736 3632 argento
767 3551 971 3616 reformatus
996 3553 1143 3616 -Item
1169 3553 1322 3616 mensalia
1355 3553 1454 3636 longa
1484 3554 1539 3616 XI.
1565 3591 1606 3600 -
1630 3554 1711 3616 Item
1743 3553 1772 3614 II
1804 3553 1902 3616 cistas
1936 3570 2009 3613 cum

454 3658 681 3720 communibus
704 3659 876 3738 speciebus
900 3681 960 3741 pro
984 3661 1132 3741 coquina.
1158 3697 1201 3707 -
1225 3661 1306 3723 Item
1323 3661 1434 3744 stasra
1466 3681 1584 3743 magna
1616 3683 1675 3742 pro
1705 3661 1789 3723 oliva
1822 3670 1855 3722 et
1886 3661 1949 3723 alie
1982 3659 2010 3722 II

456 3763 597 3826 minores
620 3763 764 3846 oblonge
787 3775 933 3829 stannee.
959 3804 999 3813 -
1025 3767 1106 3831 Item
1130 3767 1177 3829 IV
1192 3768 1300 3850 flasse
1322 3771 1354 3830 in
1379 3789 1443 3830 uno
1468 3769 1599 3850 pusdr0.
1623 3806 1666 3815 -
1690 3769 1773 3832 Item
1806 3768 2009 3850 horalogium

456 3889 601 3950 parvum.
628 3907 670 3916 -
696 3869 777 3932 Item
801 3891 919 3954 zucary
943 3873 987 3935 III
1012 3875 1128 3954 capita.
1153 3875 1304 3938 -Item
1329 3875 1369 3937 de
1393 3875 1519 3938 cissinis
1542 3875 1571 3938 II
1594 3876 1711 3938 soroki.
1736 3875 1885 3938 —Item
1912 3874 2009 3958 gladii

457 3977 574 4042 XVIII.
600 3981 747 4044 -Item
772 3980 864 4044 cultri
887 3981 965 4044 alias
989 3980 1083 4043 cordi
1108 3981 1229 4045 XVIII.
1255 4019 1297 4028 —-
1322 3982 1401 4046 Item
1436 3983 1551 4046 baliste
1583 3983 1631 4046 XI
1663 3995 1696 4046 et
1728 3983 1827 4046 hewri
1859 3982 1944 4047 VIII.
1968 4017 2011 4027 -

455 4083 536 4148 Item
561 4085 626 4148 duo
649 4087 738 4150 frena
762 4100 796 4153 et
818 4088 881 4150 due
905 4088 983 4151 selle
1007 4097 1145 4169 argento
1178 4090 1325 4152 inaurato
1360 4089 1543 4152 reformate.
1567 4127 1609 4136 -
1633 4089 1718 4152 Item
1744 4091 1850 4173 flasse
1878 4091 1910 4152 in
1934 4089 2011 4152 bino

455 4191 596 4271 pusdro:
621 4193 652 4254 in
676 4215 741 4256 uno
765 4194 823 4271 IV,
848 4206 882 4258 et
905 4195 936 4257 in
961 4196 1023 4258 alio
1048 4195 1099 4258 III
1122 4208 1267 4258 stannee.
1294 4195 1446 4260 -Item
1472 4218 1573 4279 equos
1597 4217 1712 4260 omnes
1742 4217 1816 4259 cum
1848 4197 1945 4260 irenis
1978 4205 2012 4259 et

456 4297 543 4359 sellis
566 4309 600 4361 et
623 4309 695 4364 toto
719 4303 838 4383 equino
861 4315 1020 4384 apparatu
1044 4306 1177 4384 recepit.
1202 4339 1245 4349 -
1270 4304 1353 4368 Item
1378 4325 1488 4368 currus
1511 4317 1544 4368 et
1564 4305 1709 4367 redarios
1726 4325 1829 4386 equos
1846 4325 1919 4366 cum
1936 4314 2009 4367 toto

456 4414 614 4484 apparatu
639 4407 679 4468 ad
703 4407 763 4470 hee
787 4419 958 4490 spectante
981 4413 1113 4490 recepit.
1140 4447 1180 4455 --
1204 4409 1289 4474 Item
1313 4431 1442 4474 omnem
1467 4413 1561 4475 aliam
1594 4411 1826 4494 supellectilem
1859 4410 2010 4474 domesti-

456 4531 528 4573 cam
553 4523 587 4574 et
611 4523 717 4576 totum
741 4518 879 4596 coquine
902 4529 1095 4598 apparatum
1120 4521 1151 4579 in
1175 4529 1302 4596 stann0,
1326 4517 1412 4582 ferro
1436 4531 1469 4583 et
1493 4521 1525 4581 in
1549 4520 1646 4583 armis
1671 4520 1805 4598 recepit.

563 4618 748 4700 Sequuntur
771 4635 920 4686 vestes
944 4627 1044 4706 ipsius
1068 4625 1143 4687 Rmi
1167 4626 1222 4688 dni
1247 4626 1387 4688 defuncti
1405 4648 1463 4708 per
1479 4627 1578 4689 dnum
1602 4625 1841 4708 palatinum
1866 4635 2011 4706 recepte:

563 4725 715 4807 Inprimis
748 4731 847 4794 rauba
883 4732 974 4813 nigra
1012 4731 1142 4812 hatlasy
1177 4732 1336 4796 subducta
1374 4734 1490 4796 cisInis.
1522 4769 1565 4780 -—
1588 4731 1673 4796 Item
1696 4733 1796 4796 ssuba
1831 4732 1872 4794 de
1908 4733 2009 4812 tabyo

456 4833 625 4894 brunatico
650 4833 809 4898 subducta
834 4838 976 4902 sobellis.
1001 4839 1153 4904 -Item
1177 4841 1275 4902 ssuba
1300 4843 1389 4923 nigra
1415 4841 1456 4904 de
1480 4843 1583 4924 tabyn
1613 4843 1773 4905 subducta
1805 4841 1901 4904 bonis
1934 4859 2011 4902 mar·

457 4939 598 5003 duribus.
623 4977 666 4986 -
690 4939 775 5004 Item
798 4945 897 5008 sariba
917 4946 958 5008 de
974 4947 1115 5010 scarlato
1139 4948 1299 5011 subducta
1323 4949 1438 5014 cisinis.
1464 4986 1507 4996 —
1531 4949 1615 5013 Item
1638 4950 1736 5012 rauba
1761 4951 1801 5013 de
1826 4951 1913 5014 sicca
1936 4969 2011 5011 rosa

456 5047 615 5112 subducta
639 5048 713 5112 alba
744 5051 937 5116 foderatura.
962 5091 1003 5100 -
1028 5054 1112 5118 Item
1136 5055 1235 5117 sauba
1258 5054 1300 5117 de
1323 5076 1433 5136 panno
1457 5056 1625 5120 brunatico
1649 5057 1808 5119 subducta
1832 5057 1949 5119 cisinis.
1966 5089 2010 5100 -

456 5153 541 5218 Item
565 5157 663 5220 saraba
686 5157 728 5220 de
752 5161 856 5241 tabyn
880 5163 973 5242 nigro
998 5161 1159 5224 subducta
1183 5164 1300 5226 cisinis
1327 5200 1368 5209 -
1392 5161 1477 5226 Item
1500 5163 1599 5227 saraba
1623 5165 1782 5245 equestris
1807 5163 1847 5225 de
1872 5161 2010 5226 scarlato

455 5263 617 5328 subducta
640 5267 757 5328 cisinis.
782 5266 934 5330 -Item
958 5269 1056 5331 rauba
1080 5269 1121 5332 de
1144 5272 1231 5334 sicca
1253 5293 1328 5335 rosa
1351 5271 1511 5336 subducta
1542 5271 1702 5353 vulpibus.
1728 5307 1769 5318 -
1793 5270 1879 5334 Item
1914 5269 2012 5333 ssuba

456 5370 497 5433 de
522 5391 631 5452 panno
657 5376 750 5456 nigro
774 5375 933 5438 subducta
956 5379 1142 5440 ventriculis
1166 5380 1349 5442 cisinorum.
1375 5379 1526 5444 -Item
1558 5379 1742 5442 foderatura
1773 5379 1943 5442 sobellina.
1967 5413 2012 5423 -

456 5477 541 5542 Item
566 5482 697 5561 pallium
722 5485 847 5564 nigrum
872 5481 913 5544 de
936 5483 1095 5547 czamlato
1119 5505 1190 5548 cum
1215 5489 1355 5568 caputio.
1379 5487 1530 5550 -Item
1561 5486 1692 5570 pallium
1717 5487 1820 5569 dsyky
1843 5488 1885 5550 de
1908 5505 2010 5550 cram·

455 5587 523 5654 tato
548 5609 619 5651 cum
644 5590 819 5676 caputiolo
844 5589 996 5655 -Item
1020 5591 1151 5678 pallium
1176 5593 1217 5657 de
1240 5594 1399 5658 czamlato
1430 5595 1532 5658 rubeo
1556 5615 1630 5658 cum
1656 5596 1831 5680 caputiolo.
1864 5631 1896 5642 -
1926 5595 2010 5660 Item
