4458 6356
864 567 1043 618 Annorum
1063 565 1247 621 1445-1446.
1753 572 1794 649 53

243 797 389 852 censum,
414 788 511 859 prout
534 788 610 842 ante
633 777 791 852 solvebat,
817 789 931 859 petens
956 799 990 842 se
1015 781 1045 841 in
1070 781 1278 860 possessione
1301 782 1493 854 conservari,
1525 791 1558 845 et
1581 781 1699 844 ibidem
1723 801 1797 862 pro·

245 885 336 948 duxit
359 885 562 966 privilegium
586 905 683 966 super
706 886 800 948 dictis
824 885 949 948 duabus
981 887 1097 948 marcis
1120 898 1153 949 et
1176 899 1249 950 acta
1273 887 1349 950 olim
1373 887 1427 951 dni
1452 887 1630 966 Cordebog
1653 886 1796 950 officialis

242 991 397 1065 Poznan.,
432 993 463 1053 in
499 992 615 1073 quibus
649 993 834 1056 continetur
868 993 900 1054 in
936 993 1044 1056 multis
1079 993 1175 1074 locis,
1213 994 1380 1076 quomodo
1415 995 1500 1057 idem
1535 996 1617 1057 dnus
1653 993 1796 1056 officialis

240 1099 440 1164 continuavit
464 1119 637 1178 processus
672 1111 786 1161 contra
809 1099 945 1162 heredes
968 1101 999 1161 in
1024 1099 1159 1180 Lubyez
1195 1121 1293 1180 super
1328 1101 1443 1163 eodem
1479 1121 1590 1176 censu,
1627 1102 1796 1164 ecclesiam

240 1225 337 1288 super
359 1209 563 1286 possessorio
588 1207 830 1284 conservando;
862 1207 1048 1288 quiquidem
1072 1208 1126 1268 dni
1150 1208 1266 1270 auditis
1290 1219 1323 1270 et
1347 1208 1519 1272 intellectis
1543 1208 1699 1271 dictarum
1724 1229 1793 1288 par·

241 1313 325 1375 cium
349 1315 524 1396 propositIs
547 1324 581 1376 et
604 1315 769 1394 responsis
792 1334 830 1375 ac
853 1313 1035 1376 huiusmodi
1059 1333 1156 1376 cause
1187 1315 1324 1388 meritis,
1355 1315 1432 1377 visis
1456 1316 1557 1376 eciam
1580 1316 1674 1376 dictis
1698 1315 1791 1395 prIvi·

242 1419 328 1500 legio
352 1431 385 1483 et
405 1421 486 1483 actis
521 1421 662 1484 tulerunt
697 1422 896 1484 sentenciam
931 1441 992 1501 pro
1028 1421 1093 1482 dno
1122 1421 1288 1494 Michaele,
1325 1441 1422 1504 super
1458 1422 1660 1507 possessorio
1695 1420 1795 1482 nobili

241 1525 418 1590 Phalanthe
442 1537 556 1591 contra
578 1528 781 1610 privilegium
804 1529 937 1590 accione
961 1539 1143 1605 reservata;
1164 1529 1370 1608 presentibus
1395 1540 1455 1591 etc.

455 1739 499 1801 A.
528 1753 619 1819 1445,
644 1738 840 1802 Novembris
869 1755 915 1813 12,
939 1739 972 1800 in
996 1738 1140 1819 capitulo
1165 1739 1316 1820 generali.

348 1877 434 1945 319.
461 1880 510 1963 (ΙΙ.
535 1880 616 1962 62⁰).
640 1881 763 1944 ibidem
786 1881 841 1942 dni
865 1879 1103 1944 ratificaverunt
1127 1881 1339 1942 donacionem
1364 1880 1559 1942 decimarum
1583 1881 1615 1942 in
1640 1879 1794 1962 Caeplino

241 1989 271 2049 in
296 1988 480 2050 Posdnowo
504 1998 538 2051 et
561 1991 593 2050 in
617 1987 804 2068 Pyaseczno
839 1987 957 2050 factam
993 2008 1050 2068 per
1074 1988 1174 2050 dnum
1205 1986 1311 2067 Epum
1336 1997 1369 2050 at
1393 1987 1587 2066 peticionem
1623 1988 1794 2050 ducisse

241 2094 614 2158 Warschoviensis
639 2116 698 2178 pro
721 2095 875 2176 hospitali
900 2095 1019 2157 ibidem
1043 2096 1074 2156 in
1098 2092 1321 2156 Warschovia.

453 2305 497 2369 A.
527 2320 619 2386 1445,
642 2305 838 2369 Novembris
867 2322 914 2385 13,
937 2307 969 2368 in
993 2304 1136 2387 capitulo
1160 2304 1311 2386 generali.

347 2443 435 2512 320.
461 2446 510 2526 (II.
535 2445 610 2525 63⁰).
635 2447 758 2509 Ibidem
782 2447 864 2509 dnus
887 2445 978 2527 Epus
1003 2445 1172 2526 deputavit
1195 2445 1278 2508 dnos
1301 2446 1459 2509 decanum
1483 2445 1793 2522 Wladislaviensem,

239 2556 441 2634 prepositum
465 2553 777 2628 Cruschviciensem,
815 2553 983 2616 officialem
1008 2564 1042 2616 et
1065 2552 1303 2634 Twardowslry
1338 2573 1448 2616 secum
1483 2554 1583 2616 ituros
1607 2573 1719 2616 versus
1743 2554 1795 2615 du·

240 2673 331 2725 catus
353 2661 500 2724 Mazovie
524 2673 575 2725 etc

452 2853 495 2917 A.
524 2868 615 2934 1445,
639 2853 834 2917 Novembris
863 2871 911 2935 17,
936 2855 967 2916 in
992 2855 1135 2936 capitulo
1160 2855 1313 2936 generali.

348 2993 435 3063 321.
462 2997 511 3078 (ΙΙ.
536 2998 600 3077 65).
623 2996 705 3060 Item
729 2997 795 3059 dno
819 2997 943 3060 cantori
966 2997 1194 3060 relaxaverunt
1217 2995 1329 3058 decem
1354 3015 1478 3058 marcas
1502 2997 1532 3058 in
1550 2995 1789 3076 provisionibus

239 3105 422 3170 Lissovicze
449 3115 483 3168 et
504 3103 674 3185 Skrzinlry,
699 3103 828 3166 inclusis
863 3105 894 3166 in
918 3104 1040 3166 eisdem
1076 3103 1201 3165 duabus
1235 3103 1351 3165 marcis
1386 3103 1624 3183 capitularibus,
1662 3103 1792 3166 racione

239 3211 415 3276 litterarum
438 3212 593 3294 regalium
617 3231 715 3292 super
737 3213 804 3272 iure
830 3209 1035 3274 Theutunico
1060 3221 1093 3274 et
1116 3213 1167 3274 vIe
1191 3211 1223 3272 in
1246 3208 1403 3273 Siradiam
1427 3209 1520 3272 facte.

346 3350 432 3419 322.
456 3353 560 3434 (Ibid.)
583 3354 665 3417 Item
688 3353 754 3416 dno
784 3353 911 3415 custodi
942 3353 1131 3416 dimiserunt
1163 3363 1230 3416 tres
1254 3371 1377 3415 marcas
1401 3352 1432 3414 in
1457 3352 1614 3434 pensione
1638 3351 1678 3414 de
1701 3373 1794 3432 pecu-

236 3462 296 3524 niis
319 3461 548 3542 capitularibus
571 3462 700 3523 racione
723 3461 775 3523 vie
798 3461 830 3522 iu
854 3459 1062 3522 Siradiam
1085 3459 1126 3522 ad
1150 3461 1486 3522 convencionem
1509 3459 1603 3522 lacte.

449 3672 494 3735 A.
524 3673 619 3751 1446,
643 3671 767 3753 Aprilis
792 3688 846 3745 21,
871 3672 903 3733 in
928 3671 1081 3753 capitulo.

255 3821 258 3832 '
346 3809 432 3880 323.
456 3813 506 3898 (II.
531 3814 606 3894 69).
620 3859 627 3873 .
641 3811 703 3875 Die
719 3811 805 3876 Iovis
821 3811 935 3894 prelati
952 3823 985 3876 et
1002 3813 1148 3875 canonici
1172 3811 1428 3894 capitulariter..
1453 3815 1644 3896 congregati
1667 3834 1793 3895 recepe-

237 3931 311 3984 runt
335 3922 433 3984 dnum
456 3920 634 3983 Iohannem
666 3917 928 4000 Gruschczinslry
959 3921 991 3982 iu
1015 3920 1205 3983 canonicum
1237 3920 1278 3982 ad
1302 3921 1528 3984 canonicatum
1552 3931 1629 4002 post
1653 3931 1792 3984 mortem

236 4027 367 4091 Alberti
397 4027 643 4109 Chomyansky,
667 4037 823 4090 executor
856 4027 1010 4089 Nicolaus
1041 4027 1200 4108 presbiter
1222 4027 1262 4088 de
1284 4027 1461 4107 Pyanthek,
1485 4029 1597 4109 vigore
1621 4049 1794 4109 processus

239 4135 293 4197 dni
317 4135 443 4197 Nicolai
466 4132 674 4216 Lassothslry
698 4135 811 4196 decani
836 4132 935 4207 Crac,
960 4133 1140 4214 graciosum
1173 4135 1227 4195 dni
1251 4133 1431 4215 Eugenii
1460 4155 1570 4215 pape
1594 4145 1627 4198 et
1652 4135 1793 4197 nomina·

237 4245 364 4306 cionem
387 4243 441 4304 dni
465 4241 694 4304 Wladislai
717 4242 834 4324 regis
858 4242 889 4303 iu
913 4261 949 4304 se
973 4242 1184 4319 coutInentis;
1213 4241 1268 4302 dni
1292 4241 1332 4302 N.
1349 4240 1593 4316 archidiaconus
1618 4253 1652 4305 et
1675 4241 1789 4305 Petrus

236 4361 350 4414 cantor
373 4349 598 4416 fideiussorunt
621 4369 681 4430 pro
705 4369 819 4429 eappa.
1572 4343 1575 4351 '

345 4489 432 4573 324.
456 4493 562 4576 (ibid).
586 4493 668 4555 Item
691 4491 868 4556 Iohannem
905 4492 945 4554 de
969 4489 1043 4573 Gay
1066 4491 1216 4554 clericum
1251 4489 1391 4552 Poznan.
1427 4489 1566 4552 diocesis
1599 4499 1791 4570 receperunt

237 4601 269 4662 in
291 4601 482 4662 canonicum
507 4599 548 4662 ad
572 4601 796 4663 canonicatum
832 4609 1020 4662 vacaturum
1055 4600 1097 4661 ad
1120 4599 1400 4680 presentacionem
1435 4597 1504 4660 slve
1539 4598 1792 4659 nominacio·
1833 4673 1836 4680 Ι

236 4728 326 4770 nem
361 4707 430 4770 dni
464 4709 579 4789 regIs
614 4718 647 4769 et
671 4706 711 4768 ad
735 4725 924 4788 processum
960 4705 1213 4768 executorialem
1248 4705 1302 4766 dni
1325 4703 1388 4785 Epi
1412 4703 1559 4778 Poznan.,
1584 4705 1673 4767 cuius
1696 4705 1789 4766 data:

235 4813 396 4878 Poznanie
420 4834 506 4876 anno
530 4823 591 4877 etc.
624 4813 685 4876 XL
709 4823 834 4895 quartu,
868 4810 941 4898 [die]
966 4813 1080 4876 Martis
1111 4811 1367 4893 antepenultima
1398 4811 1588 4874 Decembris
1596 4831 1604 4890 ;
1634 4821 1791 4874 executor

237 4941 320 5004 mgr.
345 4919 500 4984 Thomas.

442 5113 485 5176 A.
515 5115 607 5193 1446,
632 5113 756 5195 Aprilis
781 5129 832 5190 22,
856 5113 888 5176 in
911 5113 1063 5196 capitulo

343 5251 430 5320 325.
465 5255 600 5338 (11.69).
636 5255 698 5319 Die
731 5255 935 5318 Veneris...
971 5255 1003 5317 in
1038 5256 1138 5318 domo
1168 5254 1223 5317 dni
1265 5255 1388 5318 Mathie
1419 5255 1565 5316 canonici
1601 5255 1632 5316 in
1657 5273 1788 5337 presen-

234 5363 285 5424 cia
308 5362 362 5424 dni
384 5362 517 5443 palatini
552 5363 669 5426 nobilis
704 5361 922 5444 Gywyanslry
956 5363 1215 5444 condempnatus
1246 5373 1296 5424 est
1332 5383 1390 5442 per
1424 5360 1507 5424 dnos
1542 5362 1721 5442 palatinum
1754 5373 1787 5426 et

233 5470 472 5551 suprascriptos
495 5471 561 5532 dno
584 5469 819 5546 archidiacono,
843 5468 931 5551 quod
954 5469 1061 5532 tradat
1083 5471 1143 5532 sibi
1167 5470 1338 5545 hominem,
1363 5489 1462 5551 quem
1485 5470 1787 5542 excommunicavit,

235 5587 269 5640 et
292 5597 352 5659 pro
376 5597 424 5652 eo,
448 5576 536 5660 quod
559 5577 710 5640 nuncium
734 5597 806 5639 cum
830 5597 985 5660 processu
1009 5575 1141 5658 capituli
1171 5575 1307 5640 detinuit
1335 5587 1368 5638 et
1392 5595 1581 5658 processum
1604 5577 1728 5660 rapuit,
1752 5586 1788 5640 ut
