4390 6368
448 585 513 634 220
947 565 1041 618 ACTA
1060 567 1223 619 CAPITULI
1242 566 1496 618 POZNANIENSIS

1181 659 1262 666 —a-——
1274 660 1400 668 ...ῃ-..-
1414 659 1551 666 m
1562 659 1664 666 -,-,-

446 779 582 843 sostomi
613 779 655 842 de
679 779 833 862 patientia
865 779 933 843 Iob.
956 816 1000 826 -
1024 779 1159 842 Dionisii
1195 779 1388 842 Alicarnazii
1422 779 1661 861 antiquitatum.
1687 817 1728 826 -
1752 779 1914 862 Tragedie
1945 777 1999 842 Se·

445 906 535 950 nece.
562 925 602 932 -
627 886 730 950 Felini
756 885 818 948 2da
842 907 927 968 pars.
953 925 993 934 -
1018 887 1246 970 Repertorium
1269 886 1479 950 Barthochini
1504 887 1567 950 ada
1592 907 1677 969 pars.
1703 925 1745 934 --
1769 887 1937 951 Plutarcus
1959 888 2001 950 de

444 993 531 1057 Viris
556 994 741 1059 illustribus
767 1031 807 1040 -
832 993 1026 1076 Speculator
1056 996 1087 1058 in
1119 995 1152 1058 II
1175 995 1402 1058 voluminibus.
1428 995 1658 1058 -Iohannes
1690 994 1730 1057 de
1761 995 1865 1058 Imola
1901 1017 1998 1076 super

446 1113 573 1183 quarto,
599 1101 797 1165 -Summa
829 1099 970 1166 Gofredi.
995 1141 1036 1150 -
1060 1103 1209 1184 EpIstole
1244 1103 1275 1166 b.
1312 1102 1473 1166 leronimi.
1498 1141 1539 1149 -
1565 1101 1815 1166 Iamblicusde
1849 1103 1998 1166 misteriis

443 1211 660 1292 Engtiorum.
687 1247 727 1256 --
751 1209 900 1290 Epistole
924 1209 1098 1273 Ciceronis,
1124 1248 1165 1255 -,
1189 1209 1343 1290 Philipice
1367 1209 1542 1273 Ciceronis.
1560 1247 1600 1256 -
1618 1210 1732 1273 Petrus
1756 1209 1796 1272 de
1820 1209 1997 1272 Ancarano

445 1337 544 1398 super
566 1315 662 1380 Vlto.
688 1353 727 1362 ——
752 1315 891 1379 Novella
915 1315 1069 1380 Iohannis
1099 1315 1232 1378 Andree
1267 1337 1365 1397 super
1399 1315 1495 1380 VIto.
1521 1355 1561 1364 -
1586 1316 1764 1380 Cardiaalis
1800 1337 1899 1398 super
1927 1315 1999 1379 Cle-

445 1424 613 1488 mentinas.
639 1461 679 1470 -
705 1423 859 1487 Iohannis
883 1424 924 1487 de
946 1423 1195 1487 Turrecremata
1218 1424 1258 1486 dc
1282 1433 1448 1505 potestate
1472 1445 1566 1505 pape.
1584 1463 1625 1470 -
1643 1424 1791 1505 Raphael
1816 1445 1914 1505 super
1935 1424 1998 1486 ada

445 1541 537 1612 parte
574 1531 710 1612 Digesti
741 1569 781 1577 -
808 1529 918 1612 Opera
953 1531 1126 1595 Ciceronis
1153 1569 1192 1577 -
1219 1530 1430 1594 Cronicorum
1466 1531 1553 1594 liber.
1579 1569 1620 1578 -
1645 1531 1828 1596 Ptholomei
1863 1552 1997 1613 geogra-

444 1637 529 1720 phia.
553 1675 593 1684 -
618 1637 748 1701 Plinius.
773 1676 813 1686 —
839 1638 972 1720 Georgii
994 1639 1099 1701 Valle.
1125 1677 1166 1685 -—-
1191 1637 1384 1702 Suetonius.
1410 1675 1451 1684 -
1469 1639 1645 1720 Margarita
1668 1641 1807 1720 poetica.
1826 1675 1867 1684 -·
1884 1637 1999 1702 Iohan-

446 1765 503 1806 nes
535 1743 691 1807 Garsonis
727 1745 767 1806 de
801 1745 950 1808 amicitia.
977 1783 1017 1792 -
1043 1745 1200 1826 Hystoria
1236 1746 1446 1809 Hebreorum.
1472 1783 1512 1792 -
1538 1745 1699 1827 Iozephus
1734 1745 1775 1808 de
1809 1747 1998 1826 captivitate

445 1851 583 1916 Iudaica.
610 1889 650 1896 —-
676 1850 850 1934 Argiopili.
876 1889 917 1898 —
941 1852 1138 1916 Aulusiclius
1151 1853 1196 1934 (s).
1214 1889 1257 1900 -
1274 1853 1424 1916 Decades
1447 1853 1608 1916 Blondini.
1627 1891 1666 1900 —
1685 1852 1860 1915 Rethorica
1884 1852 2001 1933 Caspe-

445 1959 513 2022 rini.
540 1996 580 2004 —
606 1958 712 2022 Aldus
736 1959 777 2021 de
800 1960 913 2022 litteris
938 1957 1061 2022 Grecis
1087 1998 1127 2006 --
1153 1959 1268 2022 Fedon
1291 1959 1431 2023 Aretini.
1523 1959 1664 2024 Decreta
1695 1959 1821 2023 concilii
1844 1959 1997 2021 Basilicn-

445 2066 498 2128 sis.
523 2103 563 2112 -
588 2063 708 2128 Ianusii
740 2064 860 2129 Oliveti
894 2067 935 2129 de
969 2077 1055 2130 terre
1091 2079 1193 2131 motu.
1219 2105 1260 2114 —
1285 2067 1429 2136 Lucilus,
1467 2067 1600 2138 Florus,
1636 2066 1830 2148 Apulegius.
1856 2104 1897 2111 —-
1921 2066 1999 2126 Pro-

445 2173 579 2256 persius.
605 2211 645 2218 —
670 2172 833 2236 Iohannes
858 2171 1014 2236 Garsonis
1039 2174 1175 2238 libellus.
1202 2213 1243 2222 —-
1268 2174 1367 2238 Iulius
1392 2175 1559 2237 Firmicus
1584 2209 1628 2220 -
1652 2174 1880 2255 Repertorium
1904 2173 1999 2235 Glos-

445 2280 544 2344 cordi.
571 2317 611 2326 -—
637 2279 863 2361 Quintilianus.
890 2319 930 2326 ·-
955 2281 1126 2344 Iuvenalis.
1157 2320 1196 2327 -
1229 2281 1413 2346 Suetonius.
1445 2319 1486 2328 -
1515 2281 1729 2344 Valdensium
1763 2279 1924 2342 confessio
1954 2279 1998 2340 ad

445 2407 555 2468 regem
580 2386 820 2468 Hungarorum.
839 2425 860 2433 -
897 2387 985 2450 Pauli
1010 2385 1130 2469 Orosy.
1151 2427 1190 2435 -
1209 2389 1359 2469 Epistole
1382 2387 1515 2452 Senece.
1536 2425 1574 2434 -
1594 2389 1792 2451 Lactantius.
1811 2425 1851 2432 —
1869 2387 1998 2449 Marcus

445 2493 558 2556 Tullus
592 2493 633 2556 de
667 2491 783 2558 finibus
817 2495 987 2556 bonorum.
1016 2533 1056 2540 -
1085 2495 1259 2558 Runmitus
1293 2496 1334 2558 ad
1367 2495 1536 2558 Nicolaum
1561 2514 1690 2576 papam.
1716 2531 1756 2540 —-
1782 2491 1941 2576 Origenes
1963 2495 1997 2554 in

446 2600 610 2664 Genesim.
629 2637 670 2646 -
687 2599 862 2682 Margarita
886 2601 1027 2664 Decreti
1046 2640 1086 2648 --
1104 2603 1253 2683 Epistole
1277 2603 1309 2666 b.
1335 2603 1432 2666 Cirilli
1453 2603 1484 2664 in
1501 2622 1621 2682 magno
1637 2601 1809 2664 volumIne.
1829 2599 1998 2682 -Opera

445 2707 599 2772 Iohannis
624 2705 814 2770 Crisostomi
839 2709 870 2770 in
893 2707 945 2771 III
968 2708 1194 2774 voluminibus.
1222 2747 1259 2756 --
1288 2711 1463 2792 Diogenes.
1483 2747 1522 2758 --
1541 2709 1772 2790 Repertorium
1788 2706 1997 2770 Barthochini

445 2835 518 2877 cum
543 2813 772 2878 additionibus.
791 2853 831 2861 —
849 2815 1078 2896 Repertorium
1104 2815 1225 2880 Corfeti
1249 2819 1280 2880 in
1304 2817 1483 2881 Abbatem.
1502 2855 1542 2863 —
1560 2817 1789 2898 Repertorium
1812 2813 1999 2878 Barthochi-

446 2923 479 2984 ni
513 2941 588 3004 pars
624 2922 729 2985 tertia.
767 2959 807 2968 -
845 2921 1004 2986 Albertus
1040 2943 1178 3006 magnus
1212 2924 1253 2986 de
1289 2924 1437 2988 Alibuth.
1476 2961 1510 2972 -
1553 2922 1677 3006 Codex.
1708 2959 1748 2970 —
1778 2922 1880 2984 Felini
1920 2941 1998 3002 pars

446 3029 558 3110 prima.
576 3067 617 3075 ·-
634 3027 739 3092 Imola
755 3050 853 3112 super
868 3031 1005 3112 primum
1023 3031 1162 3095 Decreti.
1183 3069 1222 3076 -
1239 3032 1395 3114 Marcelly
1411 3031 1451 3094 de
1468 3031 1722 3112 proprietatibus
1743 3048 1935 3092 sermonum.
1952 3066 1996 3073 —-

446 3136 697 3201 Autenticorum
710 3147 831 3200 textus.
846 3174 886 3183 —
901 3135 1048 3220 Gregorii
1062 3159 1120 3220 per
1131 3141 1334 3221 trapetonsio
1347 3139 1382 3222 (s)
1396 3139 1540 3221 prefatio.
1553 3175 1595 3184 —-
1609 3135 1749 3218 Quintus
1762 3135 1942 3218 Culcius(sl.
1953 3172 2000 3182 -

445 3242 575 3307 Statuta
598 3246 697 3326 regni.
723 3282 763 3290 -
789 3243 959 3308 Barbatius
991 3245 1032 3307 de
1060 3246 1191 3308 iudiciIs.
1217 3283 1260 3292 ·-
1285 3247 1403 3310 Baldus
1434 3267 1532 3326 super
1559 3247 1664 3326 prImo
1699 3243 1926 3307 Decretalium.
1952 3281 1996 3288 —

443 3351 606 3415 Iohannes
630 3353 670 3414 de
693 3351 799 3416 Imola
823 3373 921 3434 super
945 3353 1145 3416 Decretales.
1172 3392 1211 3399 -
1237 3355 1408 3416 Barbatius
1432 3354 1473 3416 de
1497 3352 1676 3415 libellorum
1701 3351 1928 3414 oblationibus.
1955 3387 1997 3394 -

443 3459 536 3522 Idem
572 3460 613 3522 de
649 3459 952 3542 approbationibus.
980 3499 1019 3506 -
1046 3459 1138 3524 Idem
1174 3461 1215 3524 de
1249 3461 1347 3524 rebus
1382 3461 1517 3523 ecclesie
1552 3459 1738 3522 alienandis.
1764 3495 1804 3504 --
1831 3456 1923 3521 Idem
1956 3457 2000 3519 de

443 3568 616 3631 verborum
651 3567 913 3650 obligationibus.
947 3607 987 3613 —
1018 3568 1205 3650 Prepositus
1243 3569 1284 3630 de
1322 3567 1604 3650 appellationibus.
1638 3605 1677 3612 --
1711 3565 1925 3628 Defensiones
1965 3565 1998 3626 in

444 3675 634 3740 monachos.

550 3785 634 3848 Item
658 3783 772 3846 libri
799 3783 864 3844 dno
889 3782 1002 3846 Oleslri
1027 3785 1174 3846 restituti.

550 3891 704 3954 Iohannis
728 3890 893 3952 Francisci
915 3889 979 3952 Pici
1015 3889 1065 3952 IV
1101 3891 1170 3953 libri
1207 3892 1235 3954 in
1272 3911 1336 3953 uno
1372 3891 1546 3952 volumIne.
1572 3927 1612 3936 -
1639 3887 1749 3969 Opera
1782 3887 1928 3969 Dionisy.
1955 3925 1998 3932 -

443 3998 537 4081 Opus
567 3999 599 4061 b.
626 3997 734 4062 Cirilli.
762 3997 992 4060 -Posterior
1023 4019 1098 4078 pars
1131 3999 1288 4080 Vapsodi.
1314 4037 1352 4044 —-
1378 3997 1577 4060 Venditi
1611 3995 1753 4058 luerunt:
1778 3997 1856 4057 item
1888 3995 2000 4056 Alma·

442 4105 534 4170 nach.
558 4145 599 4151 -
624 4105 773 4187 Epistole
798 4124 824 4166 s.
849 4103 1026 4167 Ambrosii.
1046 4105 1250 4168 -Libellus
1273 4105 1357 4168 Petri
1381 4104 1468 4168 Pauli
1492 4103 1650 4185 Vangerii
1666 4102 1703 4184 (s)
1728 4101 1769 4164 de
1786 4102 1936 4164 motibus.
1956 4139 1999 4147 —-

439 4214 524 4278 Item
549 4233 651 4294 opera
675 4211 820 4274 Dionisii.
846 4247 887 4257 -ω
911 4210 1052 4274 Cornelii
1075 4212 1180 4276 Taciti
1204 4212 1337 4274 historie
1360 4212 1431 4274 libri
1456 4211 1515 4274 XI.
1535 4247 1575 4256 -
1596 4209 1741 4272 Libellus
1762 4208 1908 4271 Terentii
1924 4207 1998 4269 Afri

440 4342 506 4384 non
535 4322 671 4400 integer.
698 4317 848 4382 -Item
883 4319 1018 4382 viaticus
1053 4319 1144 4382 Crac.
1172 4357 1211 4364 —-
1237 4317 1398 4400 Iozephus
1433 4319 1669 4400 antIquitatum.
1694 4353 1734 4362 -
1759 4315 1843 4379 Item
1877 4314 2000 4378 Sextus

439 4428 539 4492 Iulius
563 4427 750 4489 Frontinus.
777 4463 817 4470 -
843 4425 1015 4489 Tractatus
1047 4445 1072 4488 s.
1097 4425 1226 4488 Thome
1260 4427 1301 4488 de
1335 4425 1469 4507 Aquino
1503 4427 1535 4487 in
1567 4444 1669 4505 parvo
1706 4423 1813 4486 modo.
1840 4461 1881 4468 -
1907 4421 2000 4486 Ordo

441 4535 539 4598 misse
564 4551 637 4596 cum
661 4533 780 4614 glossis
804 4533 886 4595 sacri
917 4535 1060 4596 canonis.
1087 4571 1127 4579 -
1153 4531 1319 4613 Opuscula
1352 4534 1415 4595 divi
1446 4531 1600 4594 Bernardi
1633 4529 1872 4594 Clarevalensis
1900 4529 2000 4592 abba·

441 4644 493 4707 tis.
518 4679 557 4688 —
585 4639 753 4722 Opuscula
776 4661 801 4703 s.
826 4640 1012 4722 AugustIni.
1032 4640 1153 4703 -Titi
1178 4641 1318 4703 Lucretii
1343 4640 1410 4704 Caii
1434 4641 1474 4702 de
1498 4639 1604 4721 vir.(s)
1628 4647 1750 4700 natura.
1773 4675 1814 4683 —
1849 4637 2000 4717 Pompey

442 4751 512 4813 libri
535 4747 588 4813 III
612 4747 653 4810 de
677 4749 739 4811 situ
764 4748 852 4811 orbis
882 4750 913 4809 in
938 4751 1108 4811 sexternis.
1134 4747 1283 4810 -Item
1314 4747 1348 4810 II
1380 4747 1541 4829 quinterni
1572 4745 1734 4808 Xenolon.
1761 4781 1801 4790 -·
1830 4744 2000 4807 Laurentii

441 4857 537 4920 Valle
561 4857 790 4918 annotationes
814 4875 911 4934 super
933 4867 1027 4918 vetus
1062 4866 1095 4919 et
1119 4875 1238 4918 novum
1276 4865 1516 4919 testamentum.
1539 4891 1579 4900 --
1603 4851 1689 4916 Item
1723 4851 1792 4914 llbri
1828 4849 1929 4915 Oratii
1964 4852 2002 4913 in

440 4965 609 5027 sexternis.
636 4999 676 5008 -
701 4962 838 5026 Pontani
862 4963 903 5024 de
926 4973 1036 5025 amota
1059 4964 1099 5044 (s)
1125 4963 1194 5025 libri
1218 4961 1252 5025 II
1276 4964 1307 5024 in
1332 4964 1502 5026 sexternIs.
1529 4999 1569 5007 —
1595 4958 1803 5022 Phizonomia
1820 4956 2001 5040 Glogovite

439 5091 505 5134 non
536 5069 711 5150 completa.
744 5107 785 5116 —-
811 5069 1008 5132 Exercitium
1046 5069 1254 5152 gramaticale
1287 5087 1461 5151 puerorum
1497 5087 1556 5148 per
1589 5065 1675 5128 dicta
1712 5065 1927 5128 distributum.
1953 5101 1999 5110 —-

438 5177 682 5241 Annotationes
706 5176 966 5258 pandelrtharum
991 5177 1197 5257 incomplete.
1224 5213 1265 5222 -
1290 5177 1388 5238 Liber
1412 5175 1568 5239 memorie
1603 5174 1730 5236 Erazmi
1766 5173 1798 5235 in
1834 5175 2002 5237 sexternis

440 5284 664 5366 incompletos.
681 5319 725 5330 -—
741 5283 889 5348 Iliadum.
907 5321 951 5332 -·
967 5285 1126 5348 Salustius
1150 5287 1181 5346 ln
1206 5287 1366 5349 sexternis
1383 5305 1456 5348 cum
1473 5293 1670 5346 commento.
1690 5317 1733 5328 -
1749 5279 1902 5344 Sexterni
1918 5279 2001 5343 Sue·

441 5394 521 5457 tonii
545 5391 743 5474 incompleti.
768 5427 811 5436 -
834 5392 966 5456 Missale
989 5393 1130 5456 Poznan.
1156 5394 1187 5454 in
1212 5392 1336 5476 papiro.
1363 5429 1403 5440 --
1421 5392 1584 5456 ViatIcum
1609 5391 1748 5453 Poznan.
1767 5426 1807 5434 -
1825 5387 1935 5451 Biblia.
1954 5425 2001 5435 -

441 5500 532 5564 Plinii
556 5498 703 5589 epistola.
736 5536 765 5548 -
