4390 6368
906 589 998 646 ANNI
1016 591 1094 647 1505.
1723 599 1780 676 185

222 811 400 891 potationis
423 811 499 872 iuris
523 819 715 891 patronatus
739 808 875 871 ecclesie
907 807 1099 890 parochialis
1135 807 1166 869 in
1191 808 1401 870 Msczonowo
1426 827 1486 890 per
1508 807 1551 871 R.
1575 807 1678 870 Mtem
1703 809 1783 890 capi-

225 917 294 980 tulo
319 917 469 980 faciende
493 927 527 980 et
551 917 717 998 pensionis
742 935 801 997 per
824 915 1000 996 capitulum
1024 914 1112 977 dicto
1136 914 1201 976 dno
1225 913 1360 976 Andree
1383 935 1443 995 pro
1467 915 1623 978 fructibus
1645 923 1678 976 et
1701 915 1785 978 deci-

222 1025 283 1087 mis
307 1026 392 1087 dicte
417 1023 555 1086 ecclesie
578 1025 610 1085 in
635 1023 845 1086 Msczonowo
869 1023 1034 1084 annuatim
1058 1021 1216 1084 solvende
1240 1022 1281 1083 ad
1304 1023 1415 1085 vitam.

329 1161 416 1230 975.
442 1164 552 1247 (ibid).
589 1163 671 1226 Item
706 1143 989 1226 decreverunt'et
1014 1163 1217 1227 donaverunt
1240 1163 1305 1226 dno
1341 1161 1559 1246 Grodzyczky
1593 1185 1653 1246 pro
1678 1139 1785 1246 fatiga,

220 1292 317 1353 quam
352 1271 427 1334 fecit
451 1272 482 1332 in
507 1271 745 1334 Wratislaviam
781 1281 858 1352 post
895 1271 1012 1333 festum
1047 1269 1171 1334 Pasche
1195 1273 1227 1332 in
1251 1271 1460 1351 practicanda
1496 1283 1527 1334 et
1561 1272 1784 1352 promovenda

220 1379 324 1460 gratia
347 1377 519 1440 iubilei
543 1378 575 1439 in
599 1378 720 1439 diocesi
752 1377 1008 1440 Wratislaviensi
1044 1397 1104 1458 pro
1128 1377 1211 1440 festo
1237 1377 1453 1440 Ascensionis
1487 1377 1553 1439 Dni
1576 1378 1728 1441 celebrati
1752 1387 1785 1440 et

219 1484 404 1568 colligendo
427 1484 502 1547 inde
526 1485 695 1566 pecuniam
719 1505 778 1565 pro
803 1485 938 1547 ecclesia
961 1484 1110 1563 Poznan.,
1135 1485 1262 1547 solvere
1285 1494 1353 1548 tres
1377 1505 1512 1548 marcas.

328 1622 414 1692 976,
438 1626 548 1710 (ibid).
574 1626 797 1690 Decreverunt
821 1628 974 1708 pecunias
998 1627 1185 1708 cappalium
1210 1647 1270 1708 pro
1290 1627 1491 1710 perfectione
1508 1639 1541 1692 et
1558 1629 1784 1692 terminatione

221 1735 330 1814 stagni
355 1754 453 1814 super
476 1733 641 1796 Michowo
678 1735 797 1816 incepti
821 1755 881 1816 pro
907 1735 1103 1798 necessitate
1127 1755 1186 1815 per
1210 1735 1310 1797 dnum
1345 1736 1518 1798 Martinum
1545 1733 1688 1817 Olessky
1712 1757 1783 1816 pro·

219 1851 402 1904 curatorem
440 1841 564 1904 dandas
599 1840 641 1904 de
665 1861 825 1906 consensu
861 1842 936 1904 Rmi
968 1842 1023 1904 dni
1047 1841 1108 1924 Epi
1132 1863 1192 1923 per
1215 1841 1341 1905 litteras
1375 1864 1450 1906 suas
1474 1844 1612 1924 prestito
1637 1843 1696 1905 sub
1720 1843 1784 1903 hoc

220 1959 349 2011 tenore:
380 1949 519 2012 ›Venen
543 1949 614 2012 duis
639 1949 771 2031 prelatis
796 1959 829 2012 et
852 1951 1015 2012 canonicis
1039 1951 1165 2030 totique
1188 1949 1339 2030 capitulo
1364 1949 1499 2013 ecclesie
1522 1949 1661 2012 Poznan.
1686 1949 1785 2013 fratri-

220 2055 336 2118 busin
361 2054 491 2120 Christo
526 2056 650 2119 dilectis
685 2055 847 2118 Iohannes
872 2056 902 2118 d.
930 2077 960 2138 g.
984 2055 1075 2136 Epus
1110 2055 1358 2120 Poznaniensis.
1393 2055 1504 2119 Vener
1539 2057 1593 2119 dni
1616 2057 1729 2120 fratres
1753 2057 1784 2118 in

221 2161 351 2226 Christo
375 2163 498 2236 dilecti,
533 2183 599 2224 non
623 2163 808 2225 dubitamus
832 2183 891 2225 vos
916 2163 1107 2244 intelligere,
1140 2161 1182 2223 ad
1210 2182 1294 2243 quos
1321 2182 1397 2225 usus
1420 2162 1542 2226 licitum
1566 2173 1616 2226 est
1639 2165 1783 2245 recipere

220 2269 375 2350 pecunias
391 2291 450 2350 pro
467 2269 665 2350 cappalibuS,
682 2280 716 2332 et
732 2280 904 2351 propterea
920 2272 1030 2351 paucis
1043 2269 1079 2352 (s)
1096 2289 1155 2331 vos
1172 2269 1383 2345 absolvimus,
1411 2279 1447 2332 ut
1470 2270 1565 2332 liceat
1588 2269 1682 2332 vobis
1706 2271 1784 2332 reci-

221 2396 300 2456 pere
323 2397 383 2457 pro
407 2378 601 2440 necessitate
625 2377 838 2457 reparationis
861 2377 1022 2438 bonorum
1046 2376 1197 2449 ecclesie,
1221 2375 1285 2438 hoc
1302 2387 1402 2458 pacto
1418 2387 1543 2450 tamen,
1569 2387 1604 2440 ut
1627 2397 1785 2457 reponan-

220 2494 272 2546 tur
294 2493 327 2545 et
350 2493 580 2546 convertantur
614 2483 655 2546 ad
679 2504 737 2547 eos
761 2504 853 2556 usus,
888 2483 930 2546 ad
954 2503 1038 2566 quos
1066 2482 1131 2546 fieri
1161 2483 1202 2546 de
1227 2485 1295 2547 iure
1335 2483 1465 2547 debent.
1499 2483 1619 2548 Valete
1641 2483 1784 2546 feliciter.

220 2589 274 2651 Ex
298 2589 429 2653 Coslow
452 2590 518 2653 XV
541 2590 621 2653 Iunii
643 2611 730 2653 anno
753 2590 884 2654 MDV.‹

436 2783 480 2848 A.
512 2799 611 2864 1505,
635 2785 716 2847 Iunii
741 2799 792 2864 27,
819 2785 851 2847 in
874 2784 1028 2866 capitulo

330 2921 417 2991 977.
442 2926 508 3007 (Vl.
539 2929 622 3006 130).
647 2926 730 2990 Item
755 2927 993 3008 deputaverunt
1019 2924 1108 2988 dnos
1132 2923 1218 3008 Slap,
1242 2924 1485 3007 Sigismundum
1501 2937 1534 2989 et
1551 2925 1785 3009 Grodzyczslry

224 3031 256 3094 in
279 3033 444 3097 civitatem
467 3033 508 3096 ad
533 3033 683 3115 Czyknar
707 3034 961 3097 Poznaniensem
986 3043 1019 3098 et
1043 3033 1083 3094 N.
1108 3032 1413 3104 Warschoviensem
1437 3045 1634 3097 mercatores
1657 3034 1699 3096 ad
1723 3033 1782 3097 tol·

225 3139 356 3202 lendum
380 3141 534 3221 pecunias
558 3142 567 3202 i
579 3162 599 3203 u
612 3141 634 3203 b
646 3141 656 3202 i
669 3141 679 3202 l
691 3163 709 3203 e
722 3143 731 3203 i
755 3141 967 3204 Warschovie
991 3139 1204 3204 contributas.

330 3277 418 3347 978.
443 3281 509 3364 (VI.
538 3283 634 3365 131⁰).
658 3282 702 3346 A.
727 3283 767 3346 Ι).
798 3297 876 3364 1505
904 3283 956 3345 die
979 3283 1102 3356 Martis,
1132 3281 1227 3344 XXII
1251 3281 1383 3364 Aprilis
1407 3293 1659 3365 computus
1682 3283 1786 3346 factus

221 3408 280 3469 per
303 3389 402 3451 dnum
427 3389 596 3452 Nicolaum
620 3389 777 3454 Cothvicz
800 3389 1063 3453 archidiaconum
1092 3389 1234 3453 Poznan.
1255 3391 1295 3452 dc
1310 3391 1455 3471 pecuniis
1479 3389 1651 3453 iubilei
1674 3390 1786 3452 collec-

222 3497 263 3559 tis
287 3495 443 3560 Cracovie
467 3517 525 3579 per
549 3497 632 3560 dnos
656 3497 956 3580 Targowyeczsky,
981 3495 1207 3580 Grodzyczky
1231 3507 1264 3561 et
1287 3498 1445 3580 Zelyk:1)
1505 3482 1510 3489 ¹

330 3601 454 3687 Recepi
487 3625 551 3686 ego
575 3605 616 3668 N.
642 3604 776 3668 Cotvicz
799 3606 1018 3687 noningentas
1043 3623 1172 3666 marcas
1206 3615 1239 3667 et
1266 3603 1331 3668 XV
1364 3625 1488 3668 marcas
1512 3615 1545 3666 et
1569 3603 1698 3666 XXVII
1720 3603 1787 3665 flor.

221 3709 367 3794 Hungar.
392 3713 425 3774 in
447 3733 526 3775 auro
549 3723 583 3776 et
606 3733 705 3775 unum
728 3713 914 3776 Renensem
938 3723 971 3775 et
998 3711 1046 3774 IV
1072 3711 1224 3790 carlinos;
1260 3712 1300 3774 de
1324 3712 1440 3793 quibus
1464 3710 1537 3774 dedi
1561 3707 1787 3772 succollectori

222 3817 289 3880 dno
323 3818 530 3900 Raczyanssz
563 3819 681 3884 CCCV
716 3840 840 3882 marcas
875 3830 908 3882 et
932 3819 980 3882 IX
1002 3819 1144 3882 florenos
1170 3819 1319 3901 Hungar.
1346 3829 1378 3882 et
1400 3817 1448 3881 IV
1472 3817 1620 3880 carlinos.
1660 3815 1785 3878 Deinde

222 3925 297 3987 dedi
321 3930 493 3990 mercatori
517 3926 774 3990 Wratislaviensi
798 3925 973 3989 Leonardo
997 3925 1103 4008 Fogel
1136 3928 1167 3988 in
1192 3927 1369 3988 cambium:
1393 3925 1537 4006 inprimis
1560 3923 1672 3987 CCCC
1696 3943 1787 3985 sexa-

223 4051 342 4114 genas,
366 4055 430 4115 que
446 4034 565 4098 faciunt
582 4035 613 4096 D
630 4054 771 4109 marcas,
796 4034 937 4096 florenos
953 4054 1031 4096 vero
1049 4053 1108 4116 per
1128 4034 1268 4096 mediam
1299 4052 1498 4114 sexagenam
1525 4031 1643 4094 faciunt
1660 4027 1786 4092 DCCC.

223 4137 350 4201 Deinde
374 4140 482 4203 addidi
505 4142 547 4203 ad
565 4141 744 4222 quemlibet
767 4141 843 4216 flor..
867 4141 898 4202 id
922 4152 972 4203 est
995 4141 1036 4202 ad
1055 4139 1236 4221 quamlibet
1259 4140 1398 4203 mediam
1415 4158 1622 4220 sexagenam,
1646 4137 1680 4199 V
1695 4156 1788 4219 gros·

224 4267 296 4322 sos,
323 4268 386 4329 que
411 4248 534 4310 additio
551 4248 626 4311 facit
643 4247 815 4310 LXXXIII
832 4268 956 4309 marcas
974 4259 1006 4309 et
1029 4246 1111 4310 XVI
1127 4269 1173 4329 gr.
1191 4247 1317 4310 Deinde
1333 4249 1447 4310 iterum
1465 4255 1599 4328 propter
1615 4246 1785 4324 pecuniam

224 4355 379 4417 minutam
403 4355 510 4418 addidi
533 4355 702 4417 mercatori
726 4355 754 4415 Il
779 4355 846 4417 flor.
864 4375 921 4436 per
950 4353 1094 4416 mediam
1120 4375 1329 4436 sexagenam,
1353 4354 1431 4417 alias
1456 4373 1551 4416 unam
1575 4367 1784 4433 sexagenam.
1811 4379 1814 4385 ·

223 4461 268 4524 Et
285 4463 328 4524 ita
344 4463 431 4544 apud
447 4473 659 4524 mercatorem
676 4472 751 4524 sunt
768 4463 798 4523 in
816 4481 941 4524 summa
960 4461 1169 4524 DLXXXIV
1193 4482 1266 4523 cum
1290 4461 1396 4523 media
1420 4480 1526 4521 marce
1551 4470 1584 4522 et
1608 4458 1655 4521 IV
1672 4459 1786 4540 grossi,

224 4569 406 4650 dequibus
441 4569 539 4631 debet
574 4569 634 4632 sibi
669 4568 837 4632 detrahere
870 4587 930 4649 pro
955 4568 1083 4630 cambio
1122 4588 1219 4630 unum
1259 4587 1409 4648 grossum
1433 4587 1452 4629 a
1473 4566 1619 4648 quolibet
1654 4565 1785 4638 floreno,

224 4675 315 4757 quod
348 4674 425 4738 facit
452 4675 493 4738 ab
518 4673 635 4738 DCCC
658 4675 725 4736 flor.
750 4675 830 4737 XVI
860 4695 984 4737 marcas
1008 4687 1042 4738 et
1077 4675 1207 4737 XXXII
1231 4695 1378 4756 grossos;
1410 4685 1443 4738 et
1467 4693 1564 4735 unam
1587 4691 1786 4754 sexagenam

224 4803 243 4845 a
266 4783 388 4846 minuta
412 4783 556 4865 pecunia.
582 4781 729 4864 Utraque
752 4782 910 4844 detractio
934 4781 1011 4845 facit
1035 4783 1067 4844 in
1086 4803 1214 4844 summa
1230 4780 1339 4844 XVIII
1355 4801 1480 4844 marcas
1504 4782 1572 4844 sine
1588 4779 1636 4842 IV
1652 4779 1785 4860 grossis.

224 4889 268 4952 Et
292 4889 390 4954 debet
413 4890 490 4953 dare
513 4889 673 4952 Poznanie
708 4909 768 4970 pro
798 4889 882 4952 festo
920 4888 1073 4952 Iohannis
1104 4889 1253 4970 Baptiste
1282 4909 1376 4969 prox.
1401 4888 1544 4968 capitulo
1578 4885 1696 4948 DCCC
1720 4885 1787 4947 flor.

224 5017 284 5078 per
298 4997 445 5060 XXXIV
469 5017 527 5079 gn,
552 4998 605 5078 qui
629 4997 749 5060 faciunt
773 4996 915 5059 DLXVI
939 5017 1063 5059 marcas
1081 5007 1114 5060 et
1133 4995 1260 5058 XXXII
1278 5017 1324 5077 gr.
1341 4996 1518 5058 secundum
1535 5013 1641 5056 meum
1658 5011 1787 5072 compu-

224 5115 304 5168 tum.
323 5103 545 5168 -Summa
567 5105 735 5186 hucusque
759 5103 837 5167 facit
861 5101 1113 5185 DLXXXIVV2
1141 5123 1265 5166 marcas
1289 5113 1322 5167 et
1345 5102 1393 5164 lV
1416 5122 1559 5184 grossos,

331 5367 351 5436 ¹)
367 5369 421 5433 Jest
440 5377 466 5418 to
486 5367 595 5434 wythek
615 5384 628 5416 z
647 5367 800 5433 obszernych
821 5367 978 5434 dorocznych
1001 5367 1165 5430 rachunlrdw,
1185 5366 1258 5416 lrt6re
1277 5366 1386 5416 sklndali
1399 5366 1512 5431 kapitula
1530 5363 1695 5414 ustanowieni
1715 5379 1785 5427 przez

223 5459 266 5524 nia
286 5458 514 5524 funlrcyonaryusze
533 5456 733 5524 (procuratores,
753 5457 936 5521 fabricatores,
956 5455 1124 5524 collectores).
1151 5455 1294 5523 Specyalny
1313 5454 1477 5505 obrachunek
1496 5453 1626 5519 wplywdw
1645 5469 1657 5499 z
1676 5453 1787 5516 powodu

222 5549 362 5614 jubileuszu
390 5547 553 5613 dokonanym
581 5546 659 5596 zostal
692 5547 843 5612 wprawdzie
870 5547 910 5612 jul.
931 5561 963 5596 22
983 5549 1117 5610 invictum,
1146 5547 1186 5597 ale
1209 5547 1243 5596 do
1262 5545 1343 5611 ksiegi
1371 5543 1545 5609 welagnietym
1573 5541 1652 5590 zostal
1680 5541 1786 5605 ‹lopiero

223 5655 247 5688 w
265 5638 350 5686 lroricu
369 5633 485 5686 Czerwca
504 5637 581 5702 przed
599 5637 788 5702 rozpoczeciem
808 5637 936 5703 Lipcowej
956 5639 1070 5705 kapituly
1089 5637 1244 5704 generalnej.

334 5739 430 5788 Monam.
448 5739 511 5782 medii
526 5740 572 5782 aevi
588 5739 635 5784 hist.
653 5741 710 5786 Xlll.
1616 5719 1650 5782 Ἡ
