4458 6356
916 593 1006 642 auur
1026 590 1105 644 1433.
1748 609 1788 674 27

244 683 1296 692 m—m-—ffl———ssu——a-ffl——
1309 685 1586 692 .-.,-.---.-....----
1603 686 1648 691 —--
1661 687 1749 692 --..-
1765 689 1797 694 .-

239 804 345 885 posite
369 815 402 868 et
425 804 584 884 insinuate
608 815 641 867 et
665 804 816 866 omnibus
840 804 913 866 inde
937 805 1064 878 secutis,
1092 825 1197 886 neque
1213 806 1291 886 ipsis
1315 807 1346 866 in
1363 807 1449 867 curia
1465 805 1615 866 Romana
1632 816 1687 868 aut
1703 816 1796 868 extra

239 913 293 973 uti.
339 911 421 974 Item
454 932 508 985 ea,
544 931 606 992 que
635 911 718 973 dnus
746 909 886 974 Mathias
918 911 1081 992 obligatur
1110 913 1155 973 eis
1184 913 1214 972 in
1248 913 1391 992 pecuniis
1423 924 1455 974 et
1479 911 1647 974 frumentis
1671 925 1704 975 et
1727 913 1797 974 aliis

238 1017 347 1090 rebus,
382 1037 445 1102 que
473 1017 631 1080 solusmet
664 1017 845 1092 confitetur,
880 1017 1004 1094 solvat;
1040 1017 1081 1078 de
1112 1018 1325 1098 ineptitudine
1349 1039 1426 1080 vero
1451 1019 1566 1098 domus
1590 1029 1624 1080 et
1647 1019 1716 1081 aliis
1741 1019 1795 1080 dni

239 1125 440 1206 conspicient
464 1133 497 1188 et
528 1126 703 1205 equitatem
734 1124 862 1188 faciant.
909 1124 1052 1186 Verba
1080 1114 1478 1188 reconciliacionis:
1513 1123 1595 1186 Boni
1620 1126 1689 1200 dni,
1722 1127 1796 1206 quia

238 1234 314 1308 ista,
339 1253 401 1315 que
417 1241 531 1295 contra
554 1253 614 1295 vos
638 1231 770 1312 protuli,
792 1231 988 1314 appellando
1006 1251 1065 1293 vos
1088 1231 1273 1293 adulatores
1290 1243 1323 1293 et
1339 1233 1576 1312 propellatores
1599 1243 1797 1295 secretorum

235 1339 368 1421 capituli
383 1339 424 1402 ad
441 1339 539 1402 dnum
555 1339 670 1420 Epum,
687 1361 730 1401 ex
745 1339 884 1421 quadam
901 1338 1063 1426 iracundia
1079 1348 1111 1400 et
1127 1337 1299 1420 fragilitate
1313 1339 1421 1420 lingue
1435 1337 1534 1425 [dixit
1552 1341 1623 1402 ideo
1642 1350 1720 1420 pcto
1734 1357 1794 1401 vos

238 1457 372 1528 propter
396 1447 507 1520 deum,
533 1449 681 1528 quatinus
706 1447 802 1508 michi
825 1445 930 1509 velitis
953 1445 1136 1526 indulgere,
1161 1447 1234 1526 quia
1259 1446 1354 1508 nichil
1379 1447 1453 1508 mali
1471 1449 1538 1510 scio
1563 1448 1602 1509 de
1618 1446 1721 1520 vobiS,
1739 1446 1797 1508 sed

238 1570 335 1617 omne
370 1553 500 1616 bonum.
525 1554 672 1616 —Item
706 1554 825 1616 ibidem
858 1553 960 1614 Rmus
992 1562 1084 1632 pater
1116 1551 1198 1614 dnus
1229 1551 1410 1615 Stanislaus
1442 1554 1541 1616 dnum
1569 1552 1796 1626 Mathiamde

238 1661 419 1742 Chlapowo
442 1671 578 1742 propter
601 1660 749 1722 obiectus
772 1660 843 1722 dnis
871 1659 1010 1740 Johanni
1042 1671 1074 1723 et
1106 1659 1265 1723 Clementi
1294 1662 1334 1723 de
1369 1661 1552 1724 Drzewicza
1583 1661 1687 1725 factos
1718 1661 1796 1723 infra

237 1768 310 1830 hinc
335 1777 368 1831 et
391 1768 537 1848 quartale
560 1769 654 1830 unius
677 1768 751 1829 anni
775 1766 816 1828 ab
840 1767 987 1848 ingressu
1018 1767 1153 1830 ecclesie
1186 1769 1364 1848 suspendit.
1388 1806 1432 1813 —
1457 1769 1538 1832 Item
1569 1769 1688 1831 ibidem
1712 1769 1796 1830 idem

237 1874 320 1937 dnus
344 1872 523 1937 Stanislaus
546 1874 637 1956 Epus
661 1894 766 1937 vener.
791 1875 865 1935 viris
890 1874 961 1936 dnis
986 1873 1122 1936 Nicolao
1148 1876 1188 1935 de
1213 1872 1325 1958 Gorka
1355 1875 1555 1947 cancellario,
1580 1896 1673 1958 mgro
1697 1874 1798 1938 Strze·

237 1982 364 2062 szconi,
401 1981 538 2043 Nicolao
562 1981 744 2054 scolastico,
780 1979 915 2042 Hectori
940 1981 1126 2062 preposito,
1163 1981 1304 2044 Alberto
1323 1981 1537 2060 Jnroszewski
1561 1981 1797 2056 archidiacono,

236 2088 333 2150 Petro
365 2087 530 2168 Nowyecz
567 2099 600 2151 et
631 2087 753 2150 Mathie
785 2089 824 2149 de
856 2085 1021 2150 Tarnowo
1055 2088 1241 2151 facultatem
1273 2091 1434 2152 concessit
1465 2090 1683 2170 componendi
1714 2090 1796 2151 dnos

233 2193 413 2274 Johannem
438 2205 471 2258 et
495 2193 699 2258 Clementem
723 2193 898 2286 officialem
916 2215 954 2256 ac
977 2193 1134 2258 Mathiam
1160 2194 1370 2277 Chlapowski
1393 2217 1490 2278 super
1514 2197 1696 2259 differencia
1720 2217 1795 2279 qua·

239 2302 313 2363 dam
338 2301 462 2364 domus.

452 2459 495 2523 A.
526 2477 624 2539 1433,
646 2460 717 2540 Julii
742 2476 801 2543 30,
826 2461 858 2522 in
882 2460 1024 2542 capitulo
1048 2461 1213 2542 generali..

349 2582 434 2651 129.
459 2585 493 2666 (I.
522 2586 609 2666 113⁰)
634 2585 695 2647 Die
714 2586 841 2665 Jovis„
866 2585 987 2648 Vener.
1012 2595 1045 2648 et
1067 2585 1182 2648 honor.
1206 2587 1264 2649 viri
1287 2586 1384 2650 dni..
1410 2587 1525 2668 prelati
1549 2598 1582 2652 et
1606 2588 1794 2650 canonici..

239 2693 458 2768 decreverunt,
476 2693 564 2774 quod
581 2693 656 2755 licet
672 2692 750 2755 alias
764 2695 993 2756 commiserant
1009 2692 1121 2755 honor.
1139 2694 1204 2755 dno
1217 2693 1377 2757 Clementi
1388 2696 1429 2757 de
1442 2695 1624 2758 Drzewicza
1637 2697 1794 2757 canonico

239 2810 271 2862 et
295 2799 421 2863 officiali
438 2800 593 2874 Poznan.,
619 2801 769 2881 quatinus
786 2800 885 2862 dnum
905 2800 1033 2882 Regem
1051 2799 1288 2864 informavisset
1305 2801 1346 2864 de
1362 2801 1529 2864 solucione
1546 2802 1796 2864 contribucionis
1828 2863 1831 2869 Α

223 2907 298 2969 'sibi
321 2908 387 2969 dno
413 2907 497 2988 Regi
521 2907 638 2980 debite,
663 2917 791 2987 tamen,
816 2909 891 2988 quia
916 2927 981 2969 non
1006 2908 1091 2970 bene
1108 2907 1275 2971 deliberati
1298 2908 1330 2971 id
1354 2909 1596 2981 concluserunt,
1622 2909 1694 2970 ideo
1719 2907 1797 2970 inhi-

239 3013 378 3076 buerunt
402 3015 506 3076 eidem
531 3015 596 3076 dno
622 3013 781 3076 Clementi
805 3013 945 3090 officiali,
970 3035 1010 3076 ne
1034 3035 1203 3089 summam,
1228 3017 1260 3078 in
1284 3037 1347 3096 qua
1370 3017 1452 3079 dnus
1475 3017 1566 3096 Epus
1590 3015 1796 3098 obligaretur,

238 3121 298 3183 sibi
322 3121 387 3182 dno
411 3121 496 3202 Regi
521 3121 692 3182 denotaret
701 3141 708 3198 ;
733 3132 765 3182 et
789 3120 913 3184 litteras
938 3121 1120 3185 huiusmodi
1143 3123 1203 3185 sub
1221 3133 1334 3186 tenore
1358 3123 1542 3186 scribendas
1567 3123 1794 3187 decreverunt:

344 3227 421 3291 Sme
445 3230 596 3310 princeps
621 3238 654 3291 et
678 3229 741 3290 dne
765 3230 1011 3310 graciosissime.
1042 3229 1192 3292 Vidimus
1217 3231 1339 3293 litteras
1363 3229 1428 3296 Stis
1453 3230 1494 3293 V.
1520 3231 1606 3292 Rmo
1630 3232 1714 3312 patri
1730 3232 1795 3293 dno

240 3347 352 3398 nostro
376 3338 540 3398 communi
564 3335 630 3398 dno
654 3335 816 3399 Stanislao
841 3337 916 3418 Epo
940 3337 1079 3399 Poznan.
1103 3339 1233 3412 missas,
1262 3339 1293 3398 in
1318 3338 1435 3420 quibus
1458 3338 1541 3399 inter
1564 3347 1672 3400 cetera
1695 3339 1795 3400 conti-

238 3453 338 3516 netur,
372 3443 509 3524 qualiter
533 3442 575 3506 V.
600 3441 675 3505 Stas
700 3445 830 3506 nomine
856 3454 969 3506 nostro
1002 3443 1114 3506 luisset
1146 3443 1334 3518 informata,
1368 3444 1456 3525 quod
1480 3443 1585 3505 adhuc
1609 3444 1692 3505 idem
1714 3444 1795 3506 dnus

237 3549 327 3630 Epus
351 3551 382 3610 in
407 3549 554 3612 ducentis
579 3550 793 3631 quadraginta
817 3551 884 3614 flor.
909 3551 1037 3612 racione
1062 3551 1315 3614 contribucionis
1339 3553 1548 3614 remansisset
1573 3551 1737 3633 obligatus
1761 3563 1794 3613 et

238 3655 279 3716 ad
303 3657 501 3718 solucionem
526 3656 703 3718 eorundem
727 3658 768 3720 V.
792 3655 841 3719 Sti
864 3668 1036 3732 teneretur,
1062 3668 1200 3738 propter
1224 3659 1312 3739 quod
1337 3661 1415 3722 satis
1431 3659 1547 3720 fuimus
1571 3659 1736 3738 admirati,
1754 3679 1797 3719 ex

239 3783 302 3843 quo
327 3763 403 3825 talia
427 3785 531 3844 neque
555 3765 656 3826 eciam
681 3764 750 3840 alia,
775 3786 837 3846 que
854 3775 958 3828 status
983 3775 1038 3826 aut
1063 3765 1147 3851 lame
1171 3785 1227 3827 sue
1251 3753 1420 3828 laudabilis
1443 3768 1475 3827 in
1499 3766 1608 3847 aliquo
1632 3765 1796 3827 offendere

238 3880 374 3950 possent
398 3871 635 3956 integritatem,
659 3871 834 3953 aliquando
859 3873 982 3934 nunciis
1006 3882 1061 3934 aut
1086 3873 1213 3954 scriptis
1237 3874 1357 3934 nostris
1380 3874 1638 3947 nunciassemus,
1662 3873 1719 3934 sed
1744 3892 1798 3933 ne·

238 3997 301 4058 que
325 3976 418 4039 nobis
442 3979 617 4060 quidquam
642 3988 788 4052 constat,
813 3979 845 4040 in
871 3988 993 4061 quanta
1016 3999 1142 4042 summa
1167 3979 1251 4041 idem
1269 3979 1351 4042 dnus
1374 3978 1553 4063 ¹Stanislaus
1569 3981 1659 4062 Epus
1676 3999 1797 4042 reman-

237 4087 279 4146 sit
303 4095 358 4147 aut
381 4095 526 4147 remanet
550 4087 680 4148 racione
704 4086 887 4148 huiusmodi
920 4087 1171 4148 contribucionis
1195 4087 1238 4150 V.
1263 4086 1312 4150 Sti
1336 4088 1515 4170 obligatuS,
1548 4089 1637 4170 quod
1661 4089 1687 4151 si
1711 4087 1797 4150 forsi-

236 4202 293 4254 tan
315 4191 430 4273 aliquis
453 4189 511 4254 Sti.
537 4192 578 4254 V.
596 4192 636 4254 de
654 4193 818 4255 contrario
842 4195 1077 4275 suggessisset,
1101 4194 1164 4256 hoc
1188 4194 1228 4256 de
1253 4195 1390 4258 sciencia
1415 4207 1526 4259 nostra
1543 4217 1608 4258 non
1625 4196 1794 4277 processit.

453 4360 497 4423 A.
525 4377 623 4440 1433,
643 4359 716 4440 Julii
742 4378 798 4439 31,
823 4362 853 4423 in
879 4363 1022 4442 capitulo
1046 4363 1199 4444 generali.

353 4489 437 4558 130.
463 4493 498 4576 (l.
528 4494 611 4574 114).
637 4493 698 4555 Die
722 4494 898 4558 Veneris..
923 4495 1038 4558 honor.
1064 4496 1118 4556 dni
1142 4495 1296 4560 Nicolaus
1318 4495 1526 4576 Czothczany
1550 4505 1583 4559 et
1599 4494 1739 4558 Mathias
1756 4495 1796 4557 de

239 4599 418 4682 Chlapowo
442 4602 588 4663 canonici
612 4601 751 4664 Poznan.
778 4601 1011 4664 frumentorum
1036 4583 1081 4664 de¹
1099 4603 1340 4684 provisionibus
1364 4605 1508 4684 ipsorum
1531 4603 1573 4664 ad
1597 4603 1717 4681 scripta
1741 4602 1795 4664 dni

239 4708 371 4789 Regis
395 4727 454 4790 pro
479 4710 676 4771 nutrimento
709 4708 984 4771 Bohemorum
1010 4709 1051 4771 ad
1076 4711 1236 4773 exercitus
1261 4731 1373 4773 versus
1397 4710 1530 4791 opidum
1554 4709 1585 4770 N
1594 4708 1686 4770 akel
1711 4709 1795 4770 dixe·

239 4824 313 4877 runt
336 4835 371 4877 se
396 4815 529 4878 daturos
562 4815 739 4896 quamlibet
763 4835 946 4878 mensuram
977 4816 1055 4878 alias
1086 4817 1358 4899 czwerthnya
1385 4817 1426 4878 ad
1450 4817 1553 4898 petita
1576 4815 1713 4878 dnorum
1738 4835 1796 4894 per

238 4941 299 4984 sex
322 4942 468 5002 grossos,
494 4923 537 4985 ita
560 4933 686 4998 tamen,
711 4923 797 5003 quod
822 4925 848 4985 si
872 4925 902 4984 in
927 4934 1082 5004 quantum
1097 4971 1103 4985 .
1119 4971 1126 4986 .
1141 4923 1174 5006 J)

451 5089 494 5152 A.
525 5107 622 5169 1433,
646 5089 850 5174 Septembris
862 5089 886 5172 ²)
916 5109 948 5166 1,
972 5093 1003 5153 in
1028 5092 1180 5172 capitulo

350 5217 433 5286 131.
458 5223 492 5304 (I.
523 5223 610 5302 115⁰)
634 5223 716 5286 Item
741 5224 858 5285 ibidem
883 5245 989 5286 vener.
1015 5225 1069 5285 dni
1093 5225 1247 5288 Nicolaus
1271 5226 1311 5289 de
1335 5225 1569 5288 Glamboczecz
1602 5223 1795 5286 archidiaco-

143 5409 147 5415 .
239 5349 299 5391 nus
323 5339 355 5392 et
378 5350 459 5411 mgr.
485 5328 680 5392 Strzeschko
706 5333 879 5394 canonicus
903 5331 1042 5394 Poznan.
1067 5331 1206 5408 Rmum,
1230 5334 1431 5396 venerabiles
1454 5345 1487 5397 et
1511 5333 1684 5395 discretum
1709 5333 1796 5394 viros

349 5539 367 5608 ¹)
386 5539 495 5606 Zapislra
514 5541 733 5593 niedokonczona.

347 5625 367 5698 2)
387 5629 544 5698 Oryginalna
563 5633 622 5682 data
642 5633 740 5698 opiewa
761 5632 826 5682 »Dic
846 5631 934 5682 Martis
953 5631 1092 5700 penultima
1111 5633 1203 5683 mensis
1223 5633 1357 5699 Augusti«.
