<?xml version="1.0" encoding="UTF-8"?>
<!DOCTYPE html PUBLIC "-//W3C//DTD XHTML 1.0 Transitional//EN"
    "http://www.w3.org/TR/xhtml1/DTD/xhtml1-transitional.dtd">
<html xmlns="http://www.w3.org/1999/xhtml" xml:lang="en" lang="en">
 <head>
  <title>
</title>
<meta http-equiv="Content-Type" content="text/html;charset=utf-8" />
  <meta name='ocr-system' content='tesseract 3.04.00' />
  <meta name='ocr-capabilities' content='ocr_page ocr_carea ocr_par ocr_line ocrx_word'/>
</head>
<body>
  <div class='ocr_page' id='page_1' title='image "actacapitulorum00czubgoog_0080.png"; bbox 0 0 4458 6356; ppageno 0'>
   <div class='ocr_carea' id='block_1_1' title="bbox 431 597 1482 662">
    <p class='ocr_par' dir='ltr' id='par_1_1' title="bbox 431 597 1482 662">
     <span class='ocr_line' id='line_1_1' title="bbox 431 597 1482 662; baseline 0.003 -15"><span class='ocrx_word' id='word_1_1' title='bbox 431 597 473 662; x_wconf 79' lang='lat'>52</span> <span class='ocrx_word' id='word_1_2' title='bbox 932 597 1027 649; x_wconf 80' lang='lat' dir='ltr'>acra</span> <span class='ocrx_word' id='word_1_3' title='bbox 1046 599 1208 651; x_wconf 73' lang='grc'>1111111111</span> <span class='ocrx_word' id='word_1_4' title='bbox 1227 597 1482 650; x_wconf 78' lang='lat' dir='ltr'>nozuamausrs</span> 
     </span>
    </p>
   </div>
   <div class='ocr_carea' id='block_1_2' title="bbox 433 691 1981 701">
    <p class='ocr_par' dir='ltr' id='par_1_2' title="bbox 433 691 1981 701">
     <span class='ocr_line' id='line_1_2' title="bbox 433 691 1981 701; baseline 0.001 -3"><span class='ocrx_word' id='word_1_5' title='bbox 433 691 451 698; x_wconf 77' lang='grc'>.-</span> <span class='ocrx_word' id='word_1_6' title='bbox 476 691 708 699; x_wconf 59' lang='grc' dir='ltr'>-ῌ--ι-</span> <span class='ocrx_word' id='word_1_7' title='bbox 755 693 934 700; x_wconf 58' lang='grc' dir='ltr'>-Ἣω-</span> <span class='ocrx_word' id='word_1_8' title='bbox 986 693 1044 700; x_wconf 57' lang='lat' dir='ltr'>*uu-</span> <span class='ocrx_word' id='word_1_9' title='bbox 1086 695 1121 700; x_wconf 85' lang='lat'>-.—</span> <span class='ocrx_word' id='word_1_10' title='bbox 1168 695 1270 700; x_wconf 85' lang='lat'>-—</span> <span class='ocrx_word' id='word_1_11' title='bbox 1331 695 1386 700; x_wconf 87' lang='lat'>---</span> <span class='ocrx_word' id='word_1_12' title='bbox 1708 692 1981 701; x_wconf 68' lang='lat' dir='ltr'>—n——-—-—-—</span> 
     </span>
    </p>
   </div>
   <div class='ocr_carea' id='block_1_3' title="bbox 645 811 1209 895">
    <p class='ocr_par' dir='ltr' id='par_1_3' title="bbox 645 811 1209 895">
     <span class='ocr_line' id='line_1_3' title="bbox 645 811 1209 895; baseline 0.004 -21"><span class='ocrx_word' id='word_1_13' title='bbox 645 811 687 882; x_wconf 85' lang='grc' dir='ltr'>Α.</span> <span class='ocrx_word' id='word_1_14' title='bbox 716 827 813 893; x_wconf 90' lang='grc'>1445,</span> <span class='ocrx_word' id='word_1_15' title='bbox 836 812 915 876; x_wconf 92' lang='lat' dir='ltr'>lunii</span> <span class='ocrx_word' id='word_1_16' title='bbox 942 827 976 894; x_wconf 88' lang='grc'>5,</span> <span class='ocrx_word' id='word_1_17' title='bbox 1000 813 1033 876; x_wconf 92' lang='lat' dir='ltr'>in</span> <span class='ocrx_word' id='word_1_18' title='bbox 1056 813 1209 895; x_wconf 91' lang='lat' dir='ltr'>capitulo.</span> 
     </span>
    </p>
   </div>
   <div class='ocr_carea' id='block_1_4' title="bbox 429 967 1984 1698">
    <p class='ocr_par' dir='ltr' id='par_1_4' title="bbox 429 967 1984 1698">
     <span class='ocr_line' id='line_1_4' title="bbox 536 967 1984 1052; baseline 0 -17"><span class='ocrx_word' id='word_1_19' title='bbox 536 967 699 1050; x_wconf 81' lang='lat'><strong>314.(11‚</strong></span> <span class='ocrx_word' id='word_1_20' title='bbox 726 974 802 1052; x_wconf 72' lang='grc'>551).</span> <span class='ocrx_word' id='word_1_21' title='bbox 828 1021 835 1036; x_wconf 94' lang='grc'><strong>.</strong></span> <span class='ocrx_word' id='word_1_22' title='bbox 860 1021 867 1034; x_wconf 95' lang='grc'><em>.</em></span> <span class='ocrx_word' id='word_1_23' title='bbox 892 972 956 1034; x_wconf 89' lang='grc' dir='ltr'>Ι)111</span> <span class='ocrx_word' id='word_1_24' title='bbox 984 973 1243 1044; x_wconf 82' lang='lat' dir='ltr'>archidiaconus,</span> <span class='ocrx_word' id='word_1_25' title='bbox 1281 985 1403 1046; x_wconf 90' lang='lat' dir='ltr'>cantor,</span> <span class='ocrx_word' id='word_1_26' title='bbox 1440 973 1690 1046; x_wconf 88' lang='lat' dir='ltr'>Praszmowski,</span> <span class='ocrx_word' id='word_1_27' title='bbox 1727 972 1894 1046; x_wconf 89' lang='lat' dir='ltr'>Clemens,</span> <span class='ocrx_word' id='word_1_28' title='bbox 1929 973 1984 1035; x_wconf 90' lang='lat' dir='ltr'>Mi·</span> 
     </span>
     <span class='ocr_line' id='line_1_5' title="bbox 429 1077 1984 1164; baseline 0.001 -24"><span class='ocrx_word' id='word_1_29' title='bbox 429 1077 568 1150; x_wconf 89' lang='lat' dir='ltr'>roslaus,</span> <span class='ocrx_word' id='word_1_30' title='bbox 593 1078 749 1152; x_wconf 84' lang='lat' dir='ltr'>Mathias,</span> <span class='ocrx_word' id='word_1_31' title='bbox 774 1079 1015 1152; x_wconf 89' lang='lat' dir='ltr'>Twardowski,</span> <span class='ocrx_word' id='word_1_32' title='bbox 1039 1079 1215 1162; x_wconf 84' lang='lat' dir='ltr'>Czaczsky,</span> <span class='ocrx_word' id='word_1_33' title='bbox 1238 1079 1473 1164; x_wconf 85' lang='lat' dir='ltr'>Sandivogius,</span> <span class='ocrx_word' id='word_1_34' title='bbox 1498 1079 1663 1162; x_wconf 84' lang='lat' dir='ltr'>Scothsky</span> <span class='ocrx_word' id='word_1_35' title='bbox 1680 1091 1871 1162; x_wconf 89' lang='lat' dir='ltr'>receperunt</span> <span class='ocrx_word' id='word_1_36' title='bbox 1887 1081 1984 1142; x_wconf 94' lang='lat' dir='ltr'>dnum</span> 
     </span>
     <span class='ocr_line' id='line_1_6' title="bbox 430 1183 1978 1269; baseline 0.001 -23"><span class='ocrx_word' id='word_1_37' title='bbox 430 1185 604 1248; x_wconf 79' lang='lat' dir='ltr'>Iohannem</span> <span class='ocrx_word' id='word_1_38' title='bbox 628 1183 866 1268; x_wconf 80' lang='lat' dir='ltr'>Gruszczinslry</span> <span class='ocrx_word' id='word_1_39' title='bbox 901 1188 931 1248; x_wconf 91' lang='lat' dir='ltr'>in</span> <span class='ocrx_word' id='word_1_40' title='bbox 956 1189 1146 1250; x_wconf 91' lang='lat' dir='ltr'>canonicum</span> <span class='ocrx_word' id='word_1_41' title='bbox 1181 1189 1222 1250; x_wconf 91' lang='lat' dir='ltr'>ad</span> <span class='ocrx_word' id='word_1_42' title='bbox 1246 1190 1473 1251; x_wconf 90' lang='lat' dir='ltr'>canonicatum</span> <span class='ocrx_word' id='word_1_43' title='bbox 1508 1189 1645 1269; x_wconf 91' lang='lat' dir='ltr'>primum</span> <span class='ocrx_word' id='word_1_44' title='bbox 1669 1197 1864 1256; x_wconf 91' lang='lat' dir='ltr'>vacaturum,</span> <span class='ocrx_word' id='word_1_45' title='bbox 1903 1187 1978 1249; x_wconf 90' lang='lat' dir='ltr'>assi·</span> 
     </span>
     <span class='ocr_line' id='line_1_7' title="bbox 429 1293 1979 1376; baseline 0.002 -23"><span class='ocrx_word' id='word_1_46' title='bbox 429 1303 567 1374; x_wconf 82' lang='lat' dir='ltr'>gnantes</span> <span class='ocrx_word' id='word_1_47' title='bbox 592 1293 650 1356; x_wconf 84' lang='lat' dir='ltr'>sibi</span> <span class='ocrx_word' id='word_1_48' title='bbox 674 1313 790 1356; x_wconf 92' lang='lat' dir='ltr'>vocem</span> <span class='ocrx_word' id='word_1_49' title='bbox 814 1294 845 1356; x_wconf 94' lang='lat' dir='ltr'>in</span> <span class='ocrx_word' id='word_1_50' title='bbox 869 1293 1012 1374; x_wconf 90' lang='lat' dir='ltr'>capitulo</span> <span class='ocrx_word' id='word_1_51' title='bbox 1036 1306 1069 1358; x_wconf 94' lang='lat' dir='ltr'>et</span> <span class='ocrx_word' id='word_1_52' title='bbox 1093 1296 1222 1358; x_wconf 90' lang='lat' dir='ltr'>stallum</span> <span class='ocrx_word' id='word_1_53' title='bbox 1246 1298 1277 1358; x_wconf 91' lang='lat' dir='ltr'>in</span> <span class='ocrx_word' id='word_1_54' title='bbox 1302 1295 1411 1370; x_wconf 91' lang='lat' dir='ltr'>chor0,</span> <span class='ocrx_word' id='word_1_55' title='bbox 1435 1305 1570 1376; x_wconf 89' lang='lat' dir='ltr'>recepto</span> <span class='ocrx_word' id='word_1_56' title='bbox 1594 1296 1635 1358; x_wconf 89' lang='lat' dir='ltr'>ab</span> <span class='ocrx_word' id='word_1_57' title='bbox 1659 1295 1775 1357; x_wconf 90' lang='lat' dir='ltr'>eodem</span> <span class='ocrx_word' id='word_1_58' title='bbox 1801 1295 1979 1357; x_wconf 90' lang='lat' dir='ltr'>iuramento</span> 
     </span>
     <span class='ocr_line' id='line_1_8' title="bbox 429 1399 1982 1481; baseline 0.002 -20"><span class='ocrx_word' id='word_1_59' title='bbox 429 1399 604 1480; x_wconf 91' lang='lat' dir='ltr'>corporali,</span> <span class='ocrx_word' id='word_1_60' title='bbox 639 1399 721 1462; x_wconf 90' lang='lat' dir='ltr'>dnus</span> <span class='ocrx_word' id='word_1_61' title='bbox 758 1399 882 1481; x_wconf 87' lang='lat' dir='ltr'>Caspar</span> <span class='ocrx_word' id='word_1_62' title='bbox 916 1401 1053 1464; x_wconf 90' lang='lat' dir='ltr'>vicarius</span> <span class='ocrx_word' id='word_1_63' title='bbox 1082 1413 1239 1466; x_wconf 84' lang='lat' dir='ltr'>executor</span> <span class='ocrx_word' id='word_1_64' title='bbox 1273 1404 1450 1468; x_wconf 88' lang='lat' dir='ltr'>litterarum</span> <span class='ocrx_word' id='word_1_65' title='bbox 1474 1403 1738 1466; x_wconf 89' lang='lat' dir='ltr'>executorialium</span> <span class='ocrx_word' id='word_1_66' title='bbox 1763 1403 1816 1464; x_wconf 91' lang='lat' dir='ltr'>dni</span> <span class='ocrx_word' id='word_1_67' title='bbox 1841 1401 1881 1464; x_wconf 94' lang='lat' dir='ltr'>N.</span> <span class='ocrx_word' id='word_1_68' title='bbox 1907 1401 1982 1464; x_wconf 92' lang='lat' dir='ltr'>Las-</span> 
     </span>
     <span class='ocr_line' id='line_1_9' title="bbox 429 1507 1982 1595; baseline 0.001 -27"><span class='ocrx_word' id='word_1_69' title='bbox 429 1507 567 1587; x_wconf 82' lang='lat' dir='ltr'>sothslry</span> <span class='ocrx_word' id='word_1_70' title='bbox 591 1507 633 1570; x_wconf 93' lang='lat' dir='ltr'>ad</span> <span class='ocrx_word' id='word_1_71' title='bbox 668 1507 1015 1570; x_wconf 88' lang='lat' dir='ltr'>nominacionem</span> <span class='ocrx_word' id='word_1_72' title='bbox 1050 1509 1119 1572; x_wconf 91' lang='lat' dir='ltr'>dni</span> <span class='ocrx_word' id='word_1_73' title='bbox 1154 1511 1271 1592; x_wconf 85' lang='lat' dir='ltr'>regis</span> <span class='ocrx_word' id='word_1_74' title='bbox 1306 1513 1417 1592; x_wconf 84' lang='lat' dir='ltr'>vigore</span> <span class='ocrx_word' id='word_1_75' title='bbox 1441 1509 1572 1595; x_wconf 83' lang='lat' dir='ltr'><strong>[littere]</strong></span> <span class='ocrx_word' id='word_1_76' title='bbox 1598 1511 1744 1593; x_wconf 83' lang='lat' dir='ltr'>graciose</span> <span class='ocrx_word' id='word_1_77' title='bbox 1768 1509 1822 1571; x_wconf 90' lang='lat' dir='ltr'>dni</span> <span class='ocrx_word' id='word_1_78' title='bbox 1845 1509 1982 1591; x_wconf 86' lang='lat' dir='ltr'>Eugenii</span> 
     </span>
     <span class='ocr_line' id='line_1_10' title="bbox 429 1613 1362 1698; baseline 0.006 -24"><span class='ocrx_word' id='word_1_79' title='bbox 429 1613 458 1674; x_wconf 88' lang='grc'>111</span> <span class='ocrx_word' id='word_1_80' title='bbox 484 1633 657 1693; x_wconf 87' lang='lat' dir='ltr'>personam</span> <span class='ocrx_word' id='word_1_81' title='bbox 680 1613 734 1678; x_wconf 90' lang='lat' dir='ltr'>dni</span> <span class='ocrx_word' id='word_1_82' title='bbox 759 1616 844 1697; x_wconf 85' lang='lat' dir='ltr'>regis</span> <span class='ocrx_word' id='word_1_83' title='bbox 868 1635 1042 1694; x_wconf 89' lang='lat' dir='ltr'>concesse;</span> <span class='ocrx_word' id='word_1_84' title='bbox 1067 1618 1274 1698; x_wconf 88' lang='lat' dir='ltr'>presentibus</span> <span class='ocrx_word' id='word_1_85' title='bbox 1299 1627 1362 1682; x_wconf 89' lang='lat' dir='ltr'>etc.</span> 
     </span>
    </p>
   </div>
   <div class='ocr_carea' id='block_1_5' title="bbox 642 1833 1395 1918">
    <p class='ocr_par' dir='ltr' id='par_1_5' title="bbox 642 1833 1395 1918">
     <span class='ocr_line' id='line_1_11' title="bbox 642 1833 1395 1918; baseline -0.003 -20"><span class='ocrx_word' id='word_1_86' title='bbox 642 1833 684 1898; x_wconf 87' lang='lat' dir='ltr'>A.</span> <span class='ocrx_word' id='word_1_87' title='bbox 714 1849 813 1916; x_wconf 84' lang='lat'>1445,</span> <span class='ocrx_word' id='word_1_88' title='bbox 837 1835 916 1898; x_wconf 90' lang='grc'>1111111</span> <span class='ocrx_word' id='word_1_89' title='bbox 942 1853 1000 1915; x_wconf 87' lang='lat'>30,</span> <span class='ocrx_word' id='word_1_90' title='bbox 1023 1837 1054 1898; x_wconf 93' lang='lat' dir='ltr'>in</span> <span class='ocrx_word' id='word_1_91' title='bbox 1078 1835 1220 1917; x_wconf 90' lang='lat' dir='ltr'>capitulo</span> <span class='ocrx_word' id='word_1_92' title='bbox 1244 1835 1395 1918; x_wconf 86' lang='lat' dir='ltr'>generali.</span> 
     </span>
    </p>
   </div>
   <div class='ocr_carea' id='block_1_6' title="bbox 429 1973 1984 2808">
    <p class='ocr_par' dir='ltr' id='par_1_6' title="bbox 429 1973 1984 2808">
     <span class='ocr_line' id='line_1_12' title="bbox 536 1973 1984 2058; baseline -0.002 -18"><span class='ocrx_word' id='word_1_93' title='bbox 536 1973 694 2058; x_wconf 82' lang='lat'>315.(11.</span> <span class='ocrx_word' id='word_1_94' title='bbox 722 1979 796 2058; x_wconf 79' lang='lat'><strong>56⁰).</strong></span> <span class='ocrx_word' id='word_1_95' title='bbox 821 1977 943 2040; x_wconf 86' lang='lat' dir='ltr'>Ibidem</span> <span class='ocrx_word' id='word_1_96' title='bbox 968 1999 1083 2042; x_wconf 90' lang='lat' dir='ltr'>omnes</span> <span class='ocrx_word' id='word_1_97' title='bbox 1107 1978 1175 2040; x_wconf 90' lang='lat' dir='ltr'>dni:</span> <span class='ocrx_word' id='word_1_98' title='bbox 1200 1979 1298 2058; x_wconf 90' lang='lat' dir='ltr'>Epus,</span> <span class='ocrx_word' id='word_1_99' title='bbox 1323 1976 1436 2058; x_wconf 89' lang='lat' dir='ltr'>prelati</span> <span class='ocrx_word' id='word_1_100' title='bbox 1454 1989 1486 2039; x_wconf 91' lang='lat' dir='ltr'>et</span> <span class='ocrx_word' id='word_1_101' title='bbox 1503 1977 1658 2056; x_wconf 90' lang='lat' dir='ltr'>canonici,</span> <span class='ocrx_word' id='word_1_102' title='bbox 1683 1977 1886 2040; x_wconf 88' lang='lat' dir='ltr'>concorditer</span> <span class='ocrx_word' id='word_1_103' title='bbox 1909 1996 1984 2038; x_wconf 93' lang='lat' dir='ltr'>con-</span> 
     </span>
     <span class='ocr_line' id='line_1_13' title="bbox 429 2081 1981 2166; baseline 0.001 -22"><span class='ocrx_word' id='word_1_104' title='bbox 429 2081 607 2158; x_wconf 87' lang='lat' dir='ltr'>cluserunt,</span> <span class='ocrx_word' id='word_1_105' title='bbox 643 2084 731 2166; x_wconf 91' lang='lat' dir='ltr'>quod</span> <span class='ocrx_word' id='word_1_106' title='bbox 767 2085 1047 2148; x_wconf 87' lang='lat' dir='ltr'>archidiaconatus</span> <span class='ocrx_word' id='word_1_107' title='bbox 1082 2084 1280 2148; x_wconf 86' lang='lat' dir='ltr'>Sraemensis</span> <span class='ocrx_word' id='word_1_108' title='bbox 1315 2103 1387 2146; x_wconf 89' lang='lat' dir='ltr'>cum</span> <span class='ocrx_word' id='word_1_109' title='bbox 1421 2085 1585 2166; x_wconf 90' lang='lat' dir='ltr'>prebenda</span> <span class='ocrx_word' id='word_1_110' title='bbox 1609 2085 1664 2146; x_wconf 89' lang='lat' dir='ltr'>dni</span> <span class='ocrx_word' id='word_1_111' title='bbox 1687 2084 1796 2146; x_wconf 88' lang='lat' dir='ltr'>lacobi</span> <span class='ocrx_word' id='word_1_112' title='bbox 1820 2081 1981 2146; x_wconf 86' lang='lat' dir='ltr'>Grandslri</span> 
     </span>
     <span class='ocr_line' id='line_1_14' title="bbox 430 2191 1981 2273; baseline -0.001 -21"><span class='ocrx_word' id='word_1_113' title='bbox 430 2211 489 2272; x_wconf 94' lang='lat' dir='ltr'>pro</span> <span class='ocrx_word' id='word_1_114' title='bbox 513 2191 694 2272; x_wconf 80' lang='lat' dir='ltr'>theologie,</span> <span class='ocrx_word' id='word_1_115' title='bbox 719 2193 797 2254; x_wconf 89' lang='lat' dir='ltr'>item</span> <span class='ocrx_word' id='word_1_116' title='bbox 821 2191 1100 2254; x_wconf 89' lang='lat' dir='ltr'>archidiaconatus</span> <span class='ocrx_word' id='word_1_117' title='bbox 1123 2192 1322 2254; x_wconf 91' lang='lat' dir='ltr'>Pczewensis</span> <span class='ocrx_word' id='word_1_118' title='bbox 1346 2211 1418 2254; x_wconf 91' lang='lat' dir='ltr'>cum</span> <span class='ocrx_word' id='word_1_119' title='bbox 1444 2192 1611 2273; x_wconf 90' lang='lat' dir='ltr'>prebenda</span> <span class='ocrx_word' id='word_1_120' title='bbox 1635 2191 1688 2253; x_wconf 92' lang='lat' dir='ltr'>dni</span> <span class='ocrx_word' id='word_1_121' title='bbox 1714 2191 1895 2253; x_wconf 92' lang='lat' dir='ltr'>Lanthman</span> <span class='ocrx_word' id='word_1_122' title='bbox 1922 2211 1981 2271; x_wconf 93' lang='lat' dir='ltr'>pro</span> 
     </span>
     <span class='ocr_line' id='line_1_15' title="bbox 429 2297 1981 2380; baseline 0 -22"><span class='ocrx_word' id='word_1_123' title='bbox 429 2297 630 2360; x_wconf 89' lang='lat' dir='ltr'>decretorum</span> <span class='ocrx_word' id='word_1_124' title='bbox 654 2297 842 2362; x_wconf 91' lang='lat' dir='ltr'>doctoribus</span> <span class='ocrx_word' id='word_1_125' title='bbox 871 2309 946 2379; x_wconf 91' lang='lat' dir='ltr'>post</span> <span class='ocrx_word' id='word_1_126' title='bbox 979 2299 1146 2362; x_wconf 87' lang='lat' dir='ltr'>decessum</span> <span class='ocrx_word' id='word_1_127' title='bbox 1173 2299 1401 2361; x_wconf 92' lang='lat' dir='ltr'>modernorum</span> <span class='ocrx_word' id='word_1_128' title='bbox 1425 2299 1583 2362; x_wconf 90' lang='lat' dir='ltr'>dictorum</span> <span class='ocrx_word' id='word_1_129' title='bbox 1608 2297 1804 2380; x_wconf 85' lang='lat' dir='ltr'>prelatorum</span> <span class='ocrx_word' id='word_1_130' title='bbox 1829 2309 1861 2360; x_wconf 91' lang='lat' dir='ltr'>et</span> <span class='ocrx_word' id='word_1_131' title='bbox 1891 2317 1981 2358; x_wconf 91' lang='lat' dir='ltr'>cano·</span> 
     </span>
     <span class='ocr_line' id='line_1_16' title="bbox 429 2403 1981 2488; baseline 0 -22"><span class='ocrx_word' id='word_1_132' title='bbox 429 2403 573 2466; x_wconf 86' lang='lat' dir='ltr'>nieorum</span> <span class='ocrx_word' id='word_1_133' title='bbox 598 2405 853 2486; x_wconf 86' lang='lat' dir='ltr'>incorporentur,</span> <span class='ocrx_word' id='word_1_134' title='bbox 890 2407 944 2488; x_wconf 91' lang='lat' dir='ltr'>qui</span> <span class='ocrx_word' id='word_1_135' title='bbox 981 2406 1133 2469; x_wconf 90' lang='lat' dir='ltr'>doctores</span> <span class='ocrx_word' id='word_1_136' title='bbox 1168 2405 1285 2469; x_wconf 83' lang='lat' dir='ltr'>faciant</span> <span class='ocrx_word' id='word_1_137' title='bbox 1320 2407 1506 2468; x_wconf 89' lang='lat' dir='ltr'>continuam</span> <span class='ocrx_word' id='word_1_138' title='bbox 1536 2405 1745 2468; x_wconf 90' lang='lat' dir='ltr'>residenciam</span> <span class='ocrx_word' id='word_1_139' title='bbox 1775 2407 1860 2466; x_wconf 92' lang='lat' dir='ltr'>circa</span> <span class='ocrx_word' id='word_1_140' title='bbox 1884 2404 1981 2466; x_wconf 90' lang='lat' dir='ltr'>eccle·</span> 
     </span>
     <span class='ocr_line' id='line_1_17' title="bbox 429 2511 1977 2594; baseline -0.003 -20"><span class='ocrx_word' id='word_1_141' title='bbox 429 2511 517 2584; x_wconf 90' lang='lat' dir='ltr'>siam,</span> <span class='ocrx_word' id='word_1_142' title='bbox 552 2511 681 2574; x_wconf 90' lang='lat' dir='ltr'>stallum</span> <span class='ocrx_word' id='word_1_143' title='bbox 717 2513 748 2574; x_wconf 90' lang='lat' dir='ltr'>in</span> <span class='ocrx_word' id='word_1_144' title='bbox 773 2511 873 2574; x_wconf 91' lang='lat' dir='ltr'>choro</span> <span class='ocrx_word' id='word_1_145' title='bbox 909 2523 941 2576; x_wconf 92' lang='lat' dir='ltr'>et</span> <span class='ocrx_word' id='word_1_146' title='bbox 966 2532 1080 2575; x_wconf 91' lang='lat' dir='ltr'>vocem</span> <span class='ocrx_word' id='word_1_147' title='bbox 1105 2513 1136 2574; x_wconf 90' lang='grc'>111</span> <span class='ocrx_word' id='word_1_148' title='bbox 1161 2513 1303 2594; x_wconf 90' lang='lat' dir='ltr'>capitulo</span> <span class='ocrx_word' id='word_1_149' title='bbox 1327 2533 1364 2575; x_wconf 92' lang='lat' dir='ltr'>ac</span> <span class='ocrx_word' id='word_1_150' title='bbox 1388 2533 1503 2576; x_wconf 89' lang='lat' dir='ltr'>omnes</span> <span class='ocrx_word' id='word_1_151' title='bbox 1528 2512 1740 2586; x_wconf 86' lang='lat' dir='ltr'>reiecciones,</span> <span class='ocrx_word' id='word_1_152' title='bbox 1775 2514 1856 2574; x_wconf 92' lang='lat' dir='ltr'>sicut</span> <span class='ocrx_word' id='word_1_153' title='bbox 1880 2511 1977 2574; x_wconf 90' lang='lat' dir='ltr'>ceteri</span> 
     </span>
     <span class='ocr_line' id='line_1_18' title="bbox 429 2617 1981 2701; baseline 0.001 -22"><span class='ocrx_word' id='word_1_154' title='bbox 429 2617 543 2698; x_wconf 90' lang='lat' dir='ltr'>prelati</span> <span class='ocrx_word' id='word_1_155' title='bbox 567 2628 600 2682; x_wconf 88' lang='lat' dir='ltr'>et</span> <span class='ocrx_word' id='word_1_156' title='bbox 623 2620 776 2694; x_wconf 88' lang='lat' dir='ltr'>canonici,</span> <span class='ocrx_word' id='word_1_157' title='bbox 801 2618 968 2682; x_wconf 92' lang='lat' dir='ltr'>habebunt</span> <span class='ocrx_word' id='word_1_158' title='bbox 999 2630 1031 2682; x_wconf 90' lang='lat' dir='ltr'>et</span> <span class='ocrx_word' id='word_1_159' title='bbox 1055 2621 1211 2701; x_wconf 85' lang='lat' dir='ltr'>recipient</span> <span class='ocrx_word' id='word_1_160' title='bbox 1235 2631 1268 2684; x_wconf 90' lang='lat' dir='ltr'>et</span> <span class='ocrx_word' id='word_1_161' title='bbox 1290 2641 1389 2684; x_wconf 89' lang='lat' dir='ltr'>onera</span> <span class='ocrx_word' id='word_1_162' title='bbox 1413 2621 1490 2701; x_wconf 92' lang='lat' dir='ltr'>ipsis</span> <span class='ocrx_word' id='word_1_163' title='bbox 1521 2619 1716 2700; x_wconf 90' lang='lat' dir='ltr'>imponenda</span> <span class='ocrx_word' id='word_1_164' title='bbox 1748 2619 1925 2700; x_wconf 87' lang='lat' dir='ltr'>portabunt</span> <span class='ocrx_word' id='word_1_165' title='bbox 1948 2627 1981 2680; x_wconf 89' lang='lat' dir='ltr'>ct</span> 
     </span>
     <span class='ocr_line' id='line_1_19' title="bbox 429 2724 1450 2808; baseline 0.003 -22"><span class='ocrx_word' id='word_1_166' title='bbox 429 2724 616 2806; x_wconf 90' lang='lat' dir='ltr'>implebunt,</span> <span class='ocrx_word' id='word_1_167' title='bbox 641 2725 701 2788; x_wconf 92' lang='lat' dir='ltr'>hac</span> <span class='ocrx_word' id='word_1_168' title='bbox 725 2725 933 2788; x_wconf 88' lang='lat' dir='ltr'>ordinacione</span> <span class='ocrx_word' id='word_1_169' title='bbox 957 2728 988 2788; x_wconf 93' lang='lat' dir='ltr'>in</span> <span class='ocrx_word' id='word_1_170' title='bbox 1013 2737 1206 2808; x_wconf 89' lang='lat' dir='ltr'>perpetuum</span> <span class='ocrx_word' id='word_1_171' title='bbox 1230 2728 1366 2790; x_wconf 88' lang='lat' dir='ltr'>valitura</span> <span class='ocrx_word' id='word_1_172' title='bbox 1389 2739 1450 2790; x_wconf 90' lang='lat' dir='ltr'>etc.</span> 
     </span>
    </p>
   </div>
   <div class='ocr_carea' id='block_1_7' title="bbox 643 2945 1221 3027">
    <p class='ocr_par' dir='ltr' id='par_1_7' title="bbox 643 2945 1221 3027">
     <span class='ocr_line' id='line_1_20' title="bbox 643 2945 1221 3027; baseline 0 -20"><span class='ocrx_word' id='word_1_173' title='bbox 643 2945 685 3007; x_wconf 89' lang='lat' dir='ltr'>A.</span> <span class='ocrx_word' id='word_1_174' title='bbox 717 2959 813 3025; x_wconf 83' lang='grc'>1445,</span> <span class='ocrx_word' id='word_1_175' title='bbox 837 2945 905 3008; x_wconf 89' lang='lat' dir='ltr'>Iulii</span> <span class='ocrx_word' id='word_1_176' title='bbox 930 2963 988 3019; x_wconf 86' lang='lat'>22,</span> <span class='ocrx_word' id='word_1_177' title='bbox 1012 2947 1043 3008; x_wconf 92' lang='lat' dir='ltr'>in</span> <span class='ocrx_word' id='word_1_178' title='bbox 1068 2946 1221 3027; x_wconf 90' lang='lat' dir='ltr'>capitulo.</span> 
     </span>
    </p>
   </div>
   <div class='ocr_carea' id='block_1_8' title="bbox 429 3081 1982 3812">
    <p class='ocr_par' dir='ltr' id='par_1_8' title="bbox 429 3081 1982 3812">
     <span class='ocr_line' id='line_1_21' title="bbox 538 3081 1981 3167; baseline -0.001 -18"><span class='ocrx_word' id='word_1_179' title='bbox 538 3081 622 3150; x_wconf 83' lang='grc'>316.</span> <span class='ocrx_word' id='word_1_180' title='bbox 649 3085 697 3166; x_wconf 86' lang='lat' dir='ltr'>(ll.</span> <span class='ocrx_word' id='word_1_181' title='bbox 721 3087 773 3166; x_wconf 87' lang='lat'>60)</span> <span class='ocrx_word' id='word_1_182' title='bbox 808 3085 868 3149; x_wconf 91' lang='lat' dir='ltr'>Die</span> <span class='ocrx_word' id='word_1_183' title='bbox 892 3087 1016 3150; x_wconf 87' lang='lat' dir='ltr'>lovis..</span> <span class='ocrx_word' id='word_1_184' title='bbox 1041 3087 1072 3148; x_wconf 93' lang='lat' dir='ltr'>in</span> <span class='ocrx_word' id='word_1_185' title='bbox 1096 3087 1195 3149; x_wconf 92' lang='lat' dir='ltr'>domo</span> <span class='ocrx_word' id='word_1_186' title='bbox 1219 3105 1298 3160; x_wconf 90' lang='lat' dir='ltr'>mea,</span> <span class='ocrx_word' id='word_1_187' title='bbox 1323 3087 1527 3167; x_wconf 86' lang='lat' dir='ltr'>presentibus</span> <span class='ocrx_word' id='word_1_188' title='bbox 1551 3085 1778 3148; x_wconf 88' lang='lat' dir='ltr'>Swanthoslao</span> <span class='ocrx_word' id='word_1_189' title='bbox 1804 3105 1877 3148; x_wconf 94' lang='lat' dir='ltr'>meo</span> <span class='ocrx_word' id='word_1_190' title='bbox 1891 3087 1931 3164; x_wconf 78' lang='lat' dir='ltr'>(sl</span> <span class='ocrx_word' id='word_1_191' title='bbox 1948 3095 1981 3148; x_wconf 90' lang='lat' dir='ltr'>et</span> 
     </span>
     <span class='ocr_line' id='line_1_22' title="bbox 431 3191 1980 3274; baseline -0.001 -20"><span class='ocrx_word' id='word_1_192' title='bbox 431 3192 572 3255; x_wconf 84' lang='lat' dir='ltr'>Iohanne</span> <span class='ocrx_word' id='word_1_193' title='bbox 596 3193 636 3256; x_wconf 93' lang='lat' dir='ltr'>de</span> <span class='ocrx_word' id='word_1_194' title='bbox 661 3193 782 3257; x_wconf 87' lang='lat' dir='ltr'>Costcn</span> <span class='ocrx_word' id='word_1_195' title='bbox 809 3195 1022 3274; x_wconf 83' lang='lat' dir='ltr'>personaliter</span> <span class='ocrx_word' id='word_1_196' title='bbox 1053 3195 1220 3257; x_wconf 89' lang='lat' dir='ltr'>constituti</span> <span class='ocrx_word' id='word_1_197' title='bbox 1256 3193 1436 3257; x_wconf 85' lang='lat' dir='ltr'>Stanislaus</span> <span class='ocrx_word' id='word_1_198' title='bbox 1471 3194 1593 3256; x_wconf 81' lang='lat' dir='ltr'>Clavelr</span> <span class='ocrx_word' id='word_1_199' title='bbox 1629 3203 1661 3256; x_wconf 90' lang='lat' dir='ltr'>et</span> <span class='ocrx_word' id='word_1_200' title='bbox 1696 3191 1806 3255; x_wconf 86' lang='lat' dir='ltr'>Adam</span> <span class='ocrx_word' id='word_1_201' title='bbox 1843 3193 1980 3274; x_wconf 88' lang='lat' dir='ltr'>Wyrasz</span> 
     </span>
     <span class='ocr_line' id='line_1_23' title="bbox 429 3298 1982 3372; baseline 0 -12"><span class='ocrx_word' id='word_1_202' title='bbox 429 3298 631 3372; x_wconf 82' lang='lat' dir='ltr'>lrmethones,</span> <span class='ocrx_word' id='word_1_203' title='bbox 650 3301 780 3363; x_wconf 90' lang='lat' dir='ltr'>nomine</span> <span class='ocrx_word' id='word_1_204' title='bbox 796 3302 941 3362; x_wconf 89' lang='lat' dir='ltr'>omnium</span> <span class='ocrx_word' id='word_1_205' title='bbox 966 3301 1178 3364; x_wconf 86' lang='lat' dir='ltr'>kmethonum</span> <span class='ocrx_word' id='word_1_206' title='bbox 1203 3301 1233 3363; x_wconf 91' lang='lat' dir='ltr'>in</span> <span class='ocrx_word' id='word_1_207' title='bbox 1251 3301 1377 3372; x_wconf 93' lang='lat' dir='ltr'>Lulino,</span> <span class='ocrx_word' id='word_1_208' title='bbox 1394 3301 1533 3364; x_wconf 82' lang='lat' dir='ltr'>confessi</span> <span class='ocrx_word' id='word_1_209' title='bbox 1550 3313 1624 3363; x_wconf 92' lang='lat' dir='ltr'>sunt</span> <span class='ocrx_word' id='word_1_210' title='bbox 1640 3321 1676 3362; x_wconf 88' lang='lat' dir='ltr'>se</span> <span class='ocrx_word' id='word_1_211' title='bbox 1692 3301 1808 3362; x_wconf 91' lang='lat' dir='ltr'>emisse</span> <span class='ocrx_word' id='word_1_212' title='bbox 1824 3301 1982 3362; x_wconf 88' lang='lat' dir='ltr'>decimam</span> 
     </span>
     <span class='ocr_line' id='line_1_24' title="bbox 429 3406 1981 3490; baseline 0.001 -24"><span class='ocrx_word' id='word_1_213' title='bbox 429 3407 659 3486; x_wconf 84' lang='lat' dir='ltr'>manipularem</span> <span class='ocrx_word' id='word_1_214' title='bbox 684 3406 803 3470; x_wconf 89' lang='lat' dir='ltr'>ibidem</span> <span class='ocrx_word' id='word_1_215' title='bbox 828 3419 904 3488; x_wconf 93' lang='lat' dir='ltr'>post</span> <span class='ocrx_word' id='word_1_216' title='bbox 939 3407 1096 3470; x_wconf 87' lang='lat' dir='ltr'>culturam</span> <span class='ocrx_word' id='word_1_217' title='bbox 1132 3413 1276 3489; x_wconf 90' lang='lat' dir='ltr'>ipsorum</span> <span class='ocrx_word' id='word_1_218' title='bbox 1311 3408 1397 3490; x_wconf 91' lang='lat' dir='ltr'>apud</span> <span class='ocrx_word' id='word_1_219' title='bbox 1433 3409 1532 3469; x_wconf 91' lang='lat' dir='ltr'>dnum</span> <span class='ocrx_word' id='word_1_220' title='bbox 1568 3408 1756 3470; x_wconf 81' lang='lat' dir='ltr'>hliroslaum</span> <span class='ocrx_word' id='word_1_221' title='bbox 1791 3407 1981 3468; x_wconf 89' lang='lat' dir='ltr'>canonicum</span> 
     </span>
     <span class='ocr_line' id='line_1_25' title="bbox 429 3513 1981 3596; baseline -0.001 -20"><span class='ocrx_word' id='word_1_222' title='bbox 429 3513 561 3576; x_wconf 90' lang='lat' dir='ltr'>soluturi</span> <span class='ocrx_word' id='word_1_223' title='bbox 584 3523 711 3576; x_wconf 90' lang='lat' dir='ltr'>tantum</span> <span class='ocrx_word' id='word_1_224' title='bbox 735 3527 767 3578; x_wconf 89' lang='lat' dir='ltr'>et</span> <span class='ocrx_word' id='word_1_225' title='bbox 792 3515 834 3576; x_wconf 90' lang='lat' dir='ltr'>ad</span> <span class='ocrx_word' id='word_1_226' title='bbox 857 3517 1037 3586; x_wconf 89' lang='lat' dir='ltr'>terminum,</span> <span class='ocrx_word' id='word_1_227' title='bbox 1062 3535 1121 3594; x_wconf 93' lang='lat' dir='ltr'>pro</span> <span class='ocrx_word' id='word_1_228' title='bbox 1145 3528 1267 3596; x_wconf 89' lang='lat' dir='ltr'>quanto</span> <span class='ocrx_word' id='word_1_229' title='bbox 1292 3527 1324 3578; x_wconf 89' lang='lat' dir='ltr'>et</span> <span class='ocrx_word' id='word_1_230' title='bbox 1348 3515 1389 3577; x_wconf 92' lang='lat' dir='ltr'>ad</span> <span class='ocrx_word' id='word_1_231' title='bbox 1415 3535 1511 3596; x_wconf 89' lang='lat' dir='ltr'>quern</span> <span class='ocrx_word' id='word_1_232' title='bbox 1537 3515 1653 3576; x_wconf 90' lang='lat' dir='ltr'>nobilis</span> <span class='ocrx_word' id='word_1_233' title='bbox 1677 3513 1860 3596; x_wconf 89' lang='lat' dir='ltr'>Wyschota</span> <span class='ocrx_word' id='word_1_234' title='bbox 1884 3513 1981 3575; x_wconf 88' lang='lat' dir='ltr'>frater</span> 
     </span>
     <span class='ocr_line' id='line_1_26' title="bbox 429 3619 1982 3704; baseline 0.002 -23"><span class='ocrx_word' id='word_1_235' title='bbox 429 3619 505 3682; x_wconf 90' lang='lat' dir='ltr'>dicti</span> <span class='ocrx_word' id='word_1_236' title='bbox 527 3621 581 3682; x_wconf 91' lang='lat' dir='ltr'>dni</span> <span class='ocrx_word' id='word_1_237' title='bbox 606 3621 747 3684; x_wconf 89' lang='lat' dir='ltr'>Miroslai</span> <span class='ocrx_word' id='word_1_238' title='bbox 772 3642 807 3684; x_wconf 88' lang='lat' dir='ltr'>se</span> <span class='ocrx_word' id='word_1_239' title='bbox 831 3623 947 3684; x_wconf 91' lang='lat' dir='ltr'>dixerit</span> <span class='ocrx_word' id='word_1_240' title='bbox 971 3623 1168 3696; x_wconf 90' lang='lat' dir='ltr'>vendidisse,</span> <span class='ocrx_word' id='word_1_241' title='bbox 1195 3624 1283 3684; x_wconf 90' lang='lat' dir='ltr'>cuius</span> <span class='ocrx_word' id='word_1_242' title='bbox 1315 3624 1534 3704; x_wconf 86' lang='lat' dir='ltr'>recognicioni</span> <span class='ocrx_word' id='word_1_243' title='bbox 1557 3643 1592 3685; x_wconf 91' lang='lat' dir='ltr'>se</span> <span class='ocrx_word' id='word_1_244' title='bbox 1615 3635 1701 3686; x_wconf 89' lang='lat' dir='ltr'>stare</span> <span class='ocrx_word' id='word_1_245' title='bbox 1724 3621 1982 3704; x_wconf 88' lang='lat' dir='ltr'>spoponderunt,</span> 
     </span>
     <span class='ocr_line' id='line_1_27' title="bbox 429 3727 1499 3812; baseline 0.003 -25"><span class='ocrx_word' id='word_1_246' title='bbox 429 3727 562 3790; x_wconf 92' lang='lat' dir='ltr'>soluturi</span> <span class='ocrx_word' id='word_1_247' title='bbox 587 3729 745 3792; x_wconf 88' lang='lat' dir='ltr'>decimam</span> <span class='ocrx_word' id='word_1_248' title='bbox 770 3729 823 3791; x_wconf 90' lang='lat' dir='ltr'>lini</span> <span class='ocrx_word' id='word_1_249' title='bbox 849 3729 878 3790; x_wconf 87' lang='lat' dir='ltr'>in</span> <span class='ocrx_word' id='word_1_250' title='bbox 903 3729 1028 3792; x_wconf 90' lang='lat' dir='ltr'>duabus</span> <span class='ocrx_word' id='word_1_251' title='bbox 1052 3731 1241 3812; x_wconf 89' lang='lat' dir='ltr'>septimanis</span> <span class='ocrx_word' id='word_1_252' title='bbox 1262 3730 1322 3792; x_wconf 91' lang='lat' dir='ltr'>sub</span> <span class='ocrx_word' id='word_1_253' title='bbox 1346 3731 1499 3792; x_wconf 91' lang='lat' dir='ltr'>censuris.</span> 
     </span>
    </p>
   </div>
   <div class='ocr_carea' id='block_1_9' title="bbox 640 3939 1275 4022">
    <p class='ocr_par' dir='ltr' id='par_1_9' title="bbox 640 3939 1275 4022">
     <span class='ocr_line' id='line_1_28' title="bbox 640 3939 1275 4022; baseline 0 -20"><span class='ocrx_word' id='word_1_254' title='bbox 640 3939 681 4002; x_wconf 84' lang='lat' dir='ltr'>A.</span> <span class='ocrx_word' id='word_1_255' title='bbox 714 3953 813 4019; x_wconf 86' lang='grc'>1445,</span> <span class='ocrx_word' id='word_1_256' title='bbox 839 3939 981 4022; x_wconf 83' lang='lat' dir='ltr'>Augusti</span> <span class='ocrx_word' id='word_1_257' title='bbox 1007 3955 1042 4020; x_wconf 87' lang='lat'>3,</span> <span class='ocrx_word' id='word_1_258' title='bbox 1067 3942 1099 4002; x_wconf 94' lang='lat' dir='ltr'>in</span> <span class='ocrx_word' id='word_1_259' title='bbox 1122 3941 1275 4022; x_wconf 77' lang='lat' dir='ltr'>capitulo</span> 
     </span>
    </p>
   </div>
   <div class='ocr_carea' id='block_1_10' title="bbox 427 4077 1985 4490">
    <p class='ocr_par' dir='ltr' id='par_1_10' title="bbox 427 4077 1985 4490">
     <span class='ocr_line' id='line_1_29' title="bbox 537 4077 1985 4164; baseline -0.001 -20"><span class='ocrx_word' id='word_1_260' title='bbox 537 4077 622 4145; x_wconf 84' lang='lat'><strong>317.</strong></span> <span class='ocrx_word' id='word_1_261' title='bbox 647 4081 690 4164; x_wconf 89' lang='lat' dir='ltr'>(ll.</span> <span class='ocrx_word' id='word_1_262' title='bbox 716 4083 778 4160; x_wconf 86' lang='lat'>60).</span> <span class='ocrx_word' id='word_1_263' title='bbox 804 4127 831 4144; x_wconf 92' lang='lat'>..</span> <span class='ocrx_word' id='word_1_264' title='bbox 861 4103 881 4144; x_wconf 94' lang='grc'>11</span> <span class='ocrx_word' id='word_1_265' title='bbox 906 4083 1005 4144; x_wconf 91' lang='lat' dir='ltr'>domo</span> <span class='ocrx_word' id='word_1_266' title='bbox 1030 4083 1084 4145; x_wconf 93' lang='lat' dir='ltr'>dni</span> <span class='ocrx_word' id='word_1_267' title='bbox 1108 4083 1230 4148; x_wconf 87' lang='lat' dir='ltr'>lllathie</span> <span class='ocrx_word' id='word_1_268' title='bbox 1254 4085 1407 4158; x_wconf 88' lang='lat' dir='ltr'>canonici,</span> <span class='ocrx_word' id='word_1_269' title='bbox 1433 4083 1636 4164; x_wconf 89' lang='lat' dir='ltr'>presentibus</span> <span class='ocrx_word' id='word_1_270' title='bbox 1666 4081 1815 4162; x_wconf 93' lang='lat' dir='ltr'>Philippo</span> <span class='ocrx_word' id='word_1_271' title='bbox 1847 4081 1878 4142; x_wconf 92' lang='lat' dir='ltr'>in</span> <span class='ocrx_word' id='word_1_272' title='bbox 1901 4079 1985 4144; x_wconf 79' lang='lat' dir='ltr'>Cze-·</span> 
     </span>
     <span class='ocr_line' id='line_1_30' title="bbox 427 4186 1983 4268; baseline 0 -20"><span class='ocrx_word' id='word_1_273' title='bbox 427 4186 501 4248; x_wconf 85' lang='lat' dir='ltr'>rada</span> <span class='ocrx_word' id='word_1_274' title='bbox 525 4199 558 4250; x_wconf 91' lang='lat' dir='ltr'>et</span> <span class='ocrx_word' id='word_1_275' title='bbox 582 4187 701 4250; x_wconf 88' lang='lat' dir='ltr'>Iacobo</span> <span class='ocrx_word' id='word_1_276' title='bbox 726 4187 807 4251; x_wconf 89' lang='lat' dir='ltr'>laico</span> <span class='ocrx_word' id='word_1_277' title='bbox 832 4190 872 4252; x_wconf 91' lang='lat' dir='ltr'>de</span> <span class='ocrx_word' id='word_1_278' title='bbox 896 4187 1049 4264; x_wconf 77' lang='lat' dir='ltr'>Srzodlra,</span> <span class='ocrx_word' id='word_1_279' title='bbox 1074 4191 1156 4253; x_wconf 88' lang='lat' dir='ltr'>dnus</span> <span class='ocrx_word' id='word_1_280' title='bbox 1174 4189 1407 4253; x_wconf 83' lang='lat' dir='ltr'>Glamboczecz</span> <span class='ocrx_word' id='word_1_281' title='bbox 1424 4191 1554 4252; x_wconf 90' lang='lat' dir='ltr'>nomine</span> <span class='ocrx_word' id='word_1_282' title='bbox 1571 4209 1630 4251; x_wconf 90' lang='lat' dir='ltr'>suo</span> <span class='ocrx_word' id='word_1_283' title='bbox 1648 4199 1680 4251; x_wconf 91' lang='lat' dir='ltr'>et</span> <span class='ocrx_word' id='word_1_284' title='bbox 1696 4187 1826 4268; x_wconf 91' lang='lat' dir='ltr'>capituli</span> <span class='ocrx_word' id='word_1_285' title='bbox 1845 4189 1983 4250; x_wconf 89' lang='lat' dir='ltr'>l’oznan.</span> 
     </span>
     <span class='ocr_line' id='line_1_31' title="bbox 428 4293 1983 4378; baseline 0 -22"><span class='ocrx_word' id='word_1_286' title='bbox 428 4295 516 4356; x_wconf 91' lang='lat' dir='ltr'>dedit</span> <span class='ocrx_word' id='word_1_287' title='bbox 539 4305 572 4358; x_wconf 90' lang='lat' dir='ltr'>et</span> <span class='ocrx_word' id='word_1_288' title='bbox 596 4299 756 4360; x_wconf 87' lang='lat' dir='ltr'>concessit</span> <span class='ocrx_word' id='word_1_289' title='bbox 779 4316 973 4360; x_wconf 89' lang='lat' dir='ltr'>consensum</span> <span class='ocrx_word' id='word_1_290' title='bbox 998 4309 1031 4361; x_wconf 88' lang='lat' dir='ltr'>et</span> <span class='ocrx_word' id='word_1_291' title='bbox 1055 4299 1243 4361; x_wconf 91' lang='lat' dir='ltr'>mandatum</span> <span class='ocrx_word' id='word_1_292' title='bbox 1276 4298 1342 4360; x_wconf 93' lang='lat' dir='ltr'>dno</span> <span class='ocrx_word' id='word_1_293' title='bbox 1366 4299 1439 4378; x_wconf 86' lang='lat' dir='ltr'>Epo</span> <span class='ocrx_word' id='word_1_294' title='bbox 1466 4298 1507 4359; x_wconf 91' lang='lat' dir='ltr'>ad</span> <span class='ocrx_word' id='word_1_295' title='bbox 1532 4295 1794 4377; x_wconf 88' lang='lat' dir='ltr'>componendum</span> <span class='ocrx_word' id='word_1_296' title='bbox 1819 4313 1892 4356; x_wconf 91' lang='lat' dir='ltr'>cum</span> <span class='ocrx_word' id='word_1_297' title='bbox 1917 4293 1983 4356; x_wconf 94' lang='lat' dir='ltr'>dno</span> 
     </span>
     <span class='ocr_line' id='line_1_32' title="bbox 428 4399 1189 4490; baseline 0.004 -29"><span class='ocrx_word' id='word_1_298' title='bbox 428 4399 452 4462; x_wconf 93' lang='lat' dir='ltr'>P</span> <span class='ocrx_word' id='word_1_299' title='bbox 461 4399 625 4465; x_wconf 92' lang='lat' dir='ltr'>locensi</span> <span class='ocrx_word' id='word_1_300' title='bbox 649 4423 746 4486; x_wconf 90' lang='lat' dir='ltr'>super</span> <span class='ocrx_word' id='word_1_301' title='bbox 768 4405 900 4468; x_wconf 90' lang='lat' dir='ltr'>decimis</span> <span class='ocrx_word' id='word_1_302' title='bbox 925 4405 1189 4490; x_wconf 90' lang='lat' dir='ltr'>manipularibus.</span> 
     </span>
    </p>
   </div>
   <div class='ocr_carea' id='block_1_11' title="bbox 644 4613 1300 4706">
    <p class='ocr_par' dir='ltr' id='par_1_11' title="bbox 644 4613 1300 4706">
     <span class='ocr_line' id='line_1_33' title="bbox 644 4613 1300 4706; baseline -0.003 -30"><span class='ocrx_word' id='word_1_303' title='bbox 644 4613 688 4676; x_wconf 89' lang='lat' dir='ltr'>A.</span> <span class='ocrx_word' id='word_1_304' title='bbox 718 4627 817 4706; x_wconf 80' lang='grc'>1445,</span> <span class='ocrx_word' id='word_1_305' title='bbox 842 4613 986 4696; x_wconf 84' lang='lat' dir='ltr'>Augusti</span> <span class='ocrx_word' id='word_1_306' title='bbox 1012 4631 1068 4692; x_wconf 91' lang='lat'>31,</span> <span class='ocrx_word' id='word_1_307' title='bbox 1093 4615 1124 4676; x_wconf 92' lang='lat' dir='ltr'>in</span> <span class='ocrx_word' id='word_1_308' title='bbox 1149 4613 1300 4696; x_wconf 89' lang='lat' dir='ltr'>capitulo.</span> 
     </span>
    </p>
   </div>
   <div class='ocr_carea' id='block_1_12' title="bbox 427 4753 1985 5688">
    <p class='ocr_par' dir='ltr' id='par_1_12' title="bbox 427 4753 1985 5688">
     <span class='ocr_line' id='line_1_34' title="bbox 536 4753 1983 4838; baseline -0.006 -16"><span class='ocrx_word' id='word_1_309' title='bbox 536 4753 624 4822; x_wconf 80' lang='lat'><strong>318.</strong></span> <span class='ocrx_word' id='word_1_310' title='bbox 650 4755 699 4836; x_wconf 84' lang='lat' dir='ltr'>(ll.</span> <span class='ocrx_word' id='word_1_311' title='bbox 724 4756 804 4838; x_wconf 88' lang='lat'><strong>60⁰).</strong></span> <span class='ocrx_word' id='word_1_312' title='bbox 829 4755 891 4819; x_wconf 87' lang='lat' dir='ltr'>Die</span> <span class='ocrx_word' id='word_1_313' title='bbox 914 4756 1071 4818; x_wconf 89' lang='lat' dir='ltr'>Martis..</span> <span class='ocrx_word' id='word_1_314' title='bbox 1106 4757 1138 4818; x_wconf 92' lang='grc'>111</span> <span class='ocrx_word' id='word_1_315' title='bbox 1162 4757 1289 4837; x_wconf 91' lang='lat' dir='ltr'>porticu</span> <span class='ocrx_word' id='word_1_316' title='bbox 1324 4757 1460 4818; x_wconf 85' lang='lat' dir='ltr'>ecclesie</span> <span class='ocrx_word' id='word_1_317' title='bbox 1494 4755 1632 4818; x_wconf 91' lang='lat' dir='ltr'>Poznan.</span> <span class='ocrx_word' id='word_1_318' title='bbox 1668 4773 1782 4816; x_wconf 89' lang='lat' dir='ltr'>versus</span> <span class='ocrx_word' id='word_1_319' title='bbox 1817 4753 1983 4816; x_wconf 88' lang='lat' dir='ltr'>meridiem</span> 
     </span>
     <span class='ocr_line' id='line_1_35' title="bbox 428 4859 1984 4944; baseline -0.003 -17"><span class='ocrx_word' id='word_1_320' title='bbox 428 4864 500 4927; x_wconf 87' lang='lat' dir='ltr'>duis</span> <span class='ocrx_word' id='word_1_321' title='bbox 525 4863 683 4932; x_wconf 88' lang='lat' dir='ltr'>Hectore,</span> <span class='ocrx_word' id='word_1_322' title='bbox 709 4861 894 4926; x_wconf 91' lang='lat' dir='ltr'>Lanthman</span> <span class='ocrx_word' id='word_1_323' title='bbox 919 4862 1099 4936; x_wconf 88' lang='lat' dir='ltr'>canonicis,</span> <span class='ocrx_word' id='word_1_324' title='bbox 1124 4863 1279 4926; x_wconf 88' lang='lat' dir='ltr'>Miroslao</span> <span class='ocrx_word' id='word_1_325' title='bbox 1303 4873 1336 4926; x_wconf 92' lang='lat' dir='ltr'>et</span> <span class='ocrx_word' id='word_1_326' title='bbox 1359 4863 1482 4926; x_wconf 89' lang='lat' dir='ltr'>Mathia</span> <span class='ocrx_word' id='word_1_327' title='bbox 1506 4863 1771 4944; x_wconf 87' lang='lat' dir='ltr'>procuratoribus</span> <span class='ocrx_word' id='word_1_328' title='bbox 1796 4859 1926 4940; x_wconf 90' lang='lat' dir='ltr'>capituli</span> <span class='ocrx_word' id='word_1_329' title='bbox 1950 4871 1984 4926; x_wconf 82' lang='lat' dir='ltr'>ct</span> 
     </span>
     <span class='ocr_line' id='line_1_36' title="bbox 427 4966 1984 5052; baseline -0.004 -18"><span class='ocrx_word' id='word_1_330' title='bbox 427 4971 598 5042; x_wconf 88' lang='lat' dir='ltr'>canonicis,</span> <span class='ocrx_word' id='word_1_331' title='bbox 622 4969 839 5051; x_wconf 84' lang='lat' dir='ltr'>capitulariter</span> <span class='ocrx_word' id='word_1_332' title='bbox 863 4971 1076 5052; x_wconf 84' lang='lat' dir='ltr'>congregatis</span> <span class='ocrx_word' id='word_1_333' title='bbox 1100 4979 1132 5032; x_wconf 92' lang='lat' dir='ltr'>et</span> <span class='ocrx_word' id='word_1_334' title='bbox 1156 4990 1217 5050; x_wconf 92' lang='lat' dir='ltr'>pro</span> <span class='ocrx_word' id='word_1_335' title='bbox 1241 4969 1391 5032; x_wconf 89' lang='lat' dir='ltr'>tribunali</span> <span class='ocrx_word' id='word_1_336' title='bbox 1420 4970 1616 5040; x_wconf 89' lang='lat' dir='ltr'>sedentibus,</span> <span class='ocrx_word' id='word_1_337' title='bbox 1652 4969 1770 5033; x_wconf 90' lang='lat' dir='ltr'>nobilis</span> <span class='ocrx_word' id='word_1_338' title='bbox 1805 4966 1984 5030; x_wconf 91' lang='lat' dir='ltr'>Phalantha</span> 
     </span>
     <span class='ocr_line' id='line_1_37' title="bbox 428 5075 1985 5158; baseline -0.003 -17"><span class='ocrx_word' id='word_1_339' title='bbox 428 5079 521 5140; x_wconf 88' lang='lat' dir='ltr'>heres</span> <span class='ocrx_word' id='word_1_340' title='bbox 545 5078 575 5139; x_wconf 92' lang='lat' dir='ltr'>in</span> <span class='ocrx_word' id='word_1_341' title='bbox 601 5076 735 5157; x_wconf 88' lang='lat' dir='ltr'>Lubycz</span> <span class='ocrx_word' id='word_1_342' title='bbox 759 5075 869 5139; x_wconf 90' lang='lat' dir='ltr'>oblata</span> <span class='ocrx_word' id='word_1_343' title='bbox 893 5077 1053 5138; x_wconf 91' lang='lat' dir='ltr'>citacione</span> <span class='ocrx_word' id='word_1_344' title='bbox 1076 5077 1137 5139; x_wconf 89' lang='lat' dir='ltr'>sub</span> <span class='ocrx_word' id='word_1_345' title='bbox 1161 5077 1269 5158; x_wconf 86' lang='lat' dir='ltr'>sigillo</span> <span class='ocrx_word' id='word_1_346' title='bbox 1293 5087 1325 5138; x_wconf 92' lang='lat' dir='ltr'>et</span> <span class='ocrx_word' id='word_1_347' title='bbox 1349 5076 1444 5140; x_wconf 89' lang='lat' dir='ltr'>titulo</span> <span class='ocrx_word' id='word_1_348' title='bbox 1460 5077 1591 5156; x_wconf 88' lang='lat' dir='ltr'>capituli</span> <span class='ocrx_word' id='word_1_349' title='bbox 1608 5077 1716 5140; x_wconf 89' lang='lat' dir='ltr'>debite</span> <span class='ocrx_word' id='word_1_350' title='bbox 1732 5085 1870 5138; x_wconf 85' lang='lat' dir='ltr'>executa</span> <span class='ocrx_word' id='word_1_351' title='bbox 1887 5075 1985 5155; x_wconf 90' lang='lat' dir='ltr'>peciit</span> 
     </span>
     <span class='ocr_line' id='line_1_38' title="bbox 427 5182 1985 5263; baseline -0.004 -15"><span class='ocrx_word' id='word_1_352' title='bbox 427 5207 462 5248; x_wconf 90' lang='lat' dir='ltr'>se</span> <span class='ocrx_word' id='word_1_353' title='bbox 485 5183 611 5246; x_wconf 90' lang='lat' dir='ltr'>absolvi</span> <span class='ocrx_word' id='word_1_354' title='bbox 634 5205 653 5245; x_wconf 93' lang='lat' dir='ltr'>a</span> <span class='ocrx_word' id='word_1_355' title='bbox 677 5185 855 5247; x_wconf 79' lang='lat' dir='ltr'>sentenciis¹</span> <span class='ocrx_word' id='word_1_356' title='bbox 883 5185 1260 5246; x_wconf 88' lang='lat' dir='ltr'>excommunicacionum</span> <span class='ocrx_word' id='word_1_357' title='bbox 1292 5183 1323 5246; x_wconf 90' lang='lat' dir='ltr'>in</span> <span class='ocrx_word' id='word_1_358' title='bbox 1352 5185 1456 5263; x_wconf 89' lang='lat' dir='ltr'>ipsum</span> <span class='ocrx_word' id='word_1_359' title='bbox 1488 5183 1530 5244; x_wconf 92' lang='lat' dir='ltr'>ad</span> <span class='ocrx_word' id='word_1_360' title='bbox 1562 5183 1752 5244; x_wconf 88' lang='lat' dir='ltr'>instanciam</span> <span class='ocrx_word' id='word_1_361' title='bbox 1784 5183 1897 5245; x_wconf 92' lang='lat' dir='ltr'>honor.</span> <span class='ocrx_word' id='word_1_362' title='bbox 1929 5182 1985 5243; x_wconf 89' lang='lat' dir='ltr'>dni</span> 
     </span>
     <span class='ocr_line' id='line_1_39' title="bbox 429 5290 1983 5370; baseline -0.003 -16"><span class='ocrx_word' id='word_1_363' title='bbox 429 5292 593 5354; x_wconf 86' lang='lat' dir='ltr'>Michaelis</span> <span class='ocrx_word' id='word_1_364' title='bbox 618 5291 833 5353; x_wconf 88' lang='lat' dir='ltr'>vicccustodis</span> <span class='ocrx_word' id='word_1_365' title='bbox 864 5290 907 5352; x_wconf 96' lang='lat' dir='ltr'>ob</span> <span class='ocrx_word' id='word_1_366' title='bbox 932 5311 997 5352; x_wconf 90' lang='lat' dir='ltr'>non</span> <span class='ocrx_word' id='word_1_367' title='bbox 1020 5291 1220 5354; x_wconf 91' lang='lat' dir='ltr'>solucionem</span> <span class='ocrx_word' id='word_1_368' title='bbox 1257 5291 1391 5353; x_wconf 91' lang='lat' dir='ltr'>duarum</span> <span class='ocrx_word' id='word_1_369' title='bbox 1426 5309 1603 5352; x_wconf 92' lang='lat' dir='ltr'>marcarum</span> <span class='ocrx_word' id='word_1_370' title='bbox 1639 5291 1736 5352; x_wconf 92' lang='lat' dir='ltr'>annui</span> <span class='ocrx_word' id='word_1_371' title='bbox 1771 5309 1887 5352; x_wconf 88' lang='lat' dir='ltr'>census</span> <span class='ocrx_word' id='word_1_372' title='bbox 1922 5309 1983 5370; x_wconf 90' lang='lat' dir='ltr'>pro</span> 
     </span>
     <span class='ocr_line' id='line_1_40' title="bbox 428 5395 1983 5478; baseline -0.003 -16"><span class='ocrx_word' id='word_1_373' title='bbox 428 5399 502 5462; x_wconf 91' lang='lat' dir='ltr'>oleo</span> <span class='ocrx_word' id='word_1_374' title='bbox 527 5399 566 5460; x_wconf 88' lang='lat' dir='ltr'>ad</span> <span class='ocrx_word' id='word_1_375' title='bbox 593 5399 760 5478; x_wconf 90' lang='lat' dir='ltr'>lampades</span> <span class='ocrx_word' id='word_1_376' title='bbox 784 5399 824 5459; x_wconf 92' lang='lat' dir='ltr'>ad</span> <span class='ocrx_word' id='word_1_377' title='bbox 849 5399 1018 5460; x_wconf 90' lang='lat' dir='ltr'>ecclesiam</span> <span class='ocrx_word' id='word_1_378' title='bbox 1043 5399 1179 5460; x_wconf 91' lang='lat' dir='ltr'>Poznan.</span> <span class='ocrx_word' id='word_1_379' title='bbox 1215 5409 1474 5478; x_wconf 85' lang='lat' dir='ltr'>comparatamm</span> <span class='ocrx_word' id='word_1_380' title='bbox 1500 5397 1579 5468; x_wconf 93' lang='lat' dir='ltr'>latis,</span> <span class='ocrx_word' id='word_1_381' title='bbox 1604 5397 1773 5477; x_wconf 89' lang='lat' dir='ltr'>postulans</span> <span class='ocrx_word' id='word_1_382' title='bbox 1797 5397 1857 5460; x_wconf 93' lang='lat' dir='ltr'>sibi</span> <span class='ocrx_word' id='word_1_383' title='bbox 1880 5395 1983 5458; x_wconf 90' lang='lat' dir='ltr'>huius·</span> 
     </span>
     <span class='ocr_line' id='line_1_41' title="bbox 429 5503 1983 5568; baseline -0.003 0"><span class='ocrx_word' id='word_1_384' title='bbox 429 5507 515 5568; x_wconf 89' lang='lat' dir='ltr'>modi</span> <span class='ocrx_word' id='word_1_385' title='bbox 540 5523 672 5568; x_wconf 88' lang='lat' dir='ltr'>censum</span> <span class='ocrx_word' id='word_1_386' title='bbox 697 5505 854 5567; x_wconf 86' lang='lat' dir='ltr'>moderari</span> <span class='ocrx_word' id='word_1_387' title='bbox 878 5505 967 5567; x_wconf 88' lang='lat' dir='ltr'>iuxta</span> <span class='ocrx_word' id='word_1_388' title='bbox 991 5525 1156 5567; x_wconf 87' lang='lat' dir='ltr'>cursum</span> <span class='ocrx_word' id='word_1_389' title='bbox 1188 5516 1228 5568; x_wconf 93' lang='lat' dir='ltr'>et</span> <span class='ocrx_word' id='word_1_390' title='bbox 1253 5515 1419 5567; x_wconf 88' lang='lat' dir='ltr'>statuta</span> <span class='ocrx_word' id='word_1_391' title='bbox 1451 5503 1758 5566; x_wconf 87' lang='lat' dir='ltr'>ecclesiastica</span> <span class='ocrx_word' id='word_1_392' title='bbox 1793 5513 1832 5565; x_wconf 91' lang='lat' dir='ltr'>et</span> <span class='ocrx_word' id='word_1_393' title='bbox 1857 5512 1983 5565; x_wconf 87' lang='lat' dir='ltr'>terre·</span> 
     </span>
     <span class='ocr_line' id='line_1_42' title="bbox 427 5609 1982 5688; baseline -0.003 -10"><span class='ocrx_word' id='word_1_394' title='bbox 427 5614 545 5678; x_wconf 91' lang='lat' dir='ltr'>stria.</span> <span class='ocrx_word' id='word_1_395' title='bbox 570 5611 622 5674; x_wconf 82' lang='lat' dir='ltr'>Ex</span> <span class='ocrx_word' id='word_1_396' title='bbox 645 5611 783 5676; x_wconf 88' lang='lat' dir='ltr'>adverso</span> <span class='ocrx_word' id='word_1_397' title='bbox 807 5613 889 5674; x_wconf 90' lang='lat' dir='ltr'>dnus</span> <span class='ocrx_word' id='word_1_398' title='bbox 913 5611 1050 5675; x_wconf 77' lang='grc' dir='ltr'>Δ1111111111</span> <span class='ocrx_word' id='word_1_399' title='bbox 1074 5613 1155 5676; x_wconf 88' lang='lat' dir='ltr'>dixit</span> <span class='ocrx_word' id='word_1_400' title='bbox 1172 5633 1236 5675; x_wconf 91' lang='lat' dir='ltr'>non</span> <span class='ocrx_word' id='word_1_401' title='bbox 1255 5633 1327 5676; x_wconf 88' lang='lat' dir='ltr'>esse</span> <span class='ocrx_word' id='word_1_402' title='bbox 1343 5610 1594 5688; x_wconf 85' lang='lat' dir='ltr'>absolvendum,</span> <span class='ocrx_word' id='word_1_403' title='bbox 1618 5611 1723 5674; x_wconf 90' lang='lat' dir='ltr'>donec</span> <span class='ocrx_word' id='word_1_404' title='bbox 1739 5610 1845 5674; x_wconf 86' lang='lat' dir='ltr'>solvat</span> <span class='ocrx_word' id='word_1_405' title='bbox 1861 5609 1982 5673; x_wconf 85' lang='lat' dir='ltr'>dictum</span> 
     </span>
    </p>
   </div>
   <div class='ocr_carea' id='block_1_13' title="bbox 0 0 2234 6356">
    <p class='ocr_par' dir='ltr' id='par_1_13' title="bbox 0 0 2234 6356">
     <span class='ocr_line' id='line_1_43' title="bbox 0 0 2234 6356; baseline 0 0"><span class='ocrx_word' id='word_1_406' title='bbox 0 0 2234 6356; x_wconf 95' lang='lat' dir='ltr'> </span> 
     </span>
    </p>
   </div>
  </div>
 </body>
</html>
