4416 6366
805 582 984 634 inuonun
1004 579 1189 638 uer-1483.
1712 595 1768 664 135

215 672 274 682 ...ι
286 673 701 683 μι--η--μ--ι-,ο--ῌ
992 676 1323 682 ——-.-.—.-.-------
1338 675 1592 681 -—-------—-—--
1606 676 1658 681 --
1671 675 1769 682 -,-.....

430 795 472 859 A.
503 799 601 875 1482,
625 796 695 860 Iulii
725 814 775 874 12,
800 797 832 859 in
855 796 1007 878 capitulo,

325 934 412 1004 714.
452 939 521 1021 (IV.
556 939 633 1022 65⁰).
672 939 791 1002 Vener.
830 939 885 1001 dni
921 939 1078 1014 decanus,
1113 937 1319 1014 scolasticus,
1356 937 1515 1010 officialis,
1543 938 1772 1022 Rogalynsky,

216 1045 341 1120 doctor,
366 1046 500 1118 Hector,
523 1046 742 1127 Zakrzewsky
774 1057 808 1110 et
841 1045 1056 1126 Carczewsky
1081 1045 1299 1127 capitulariter
1322 1046 1512 1127 congregati
1535 1046 1772 1128 deputaverunt

216 1152 301 1216 dnos
324 1152 501 1218 Hectorem
525 1164 558 1218 et
581 1154 799 1235 Carczewsky
823 1154 863 1215 ad
888 1153 987 1216 dnum
1012 1154 1216 1233 capitaneum
1241 1154 1273 1214 in
1296 1161 1438 1215 castrum
1466 1152 1604 1216 Poznan.
1629 1155 1659 1216 in
1684 1153 1772 1216 facto

216 1259 404 1324 kmethonis
438 1261 480 1324 de
515 1260 727 1333 Unolthowo,
760 1261 816 1342 qui
851 1259 911 1322 fuit
944 1269 1061 1340 captus
1089 1269 1122 1322 et
1153 1260 1184 1320 in
1217 1260 1328 1322 turrim
1352 1259 1449 1322 castri
1472 1259 1610 1323 Poznan.
1644 1263 1771 1340 positus

217 1377 353 1448 propter
375 1378 523 1449 stuprum
546 1368 712 1432 cuiusdam
736 1366 844 1430 vetule
867 1366 907 1430 de
930 1366 1037 1429 Nowa
1060 1387 1169 1447 wyesz
1193 1383 1225 1428 et
1250 1367 1350 1448 ipsius
1374 1366 1574 1430 violenciam.

430 1587 474 1651 A.
505 1591 604 1666 1482,
629 1587 699 1652 Iulii
723 1606 780 1662 21,
805 1589 836 1652 in
861 1589 1015 1671 capitulo.

325 1725 412 1795 715.
448 1729 514 1813 (IV.
545 1732 640 1812 66)..
676 1732 797 1794 Vener.
832 1729 887 1794 dni
923 1731 1080 1804 decanuS,
1116 1729 1322 1804 scolasticus,
1359 1729 1519 1802 officialis,
1555 1729 1770 1812 Rogalinslry,

217 1834 340 1910 doctor,
372 1835 566 1911 Dzekanek,
600 1837 733 1912 Hector,
766 1839 994 1918 Zakrzewslry,
1026 1835 1249 1919 Szyrpowsky
1281 1847 1314 1900 et
1338 1835 1554 1917 Carczewsky
1587 1835 1628 1899 ad
1652 1857 1769 1899 sonum

217 1962 375 2025 campane
398 1944 617 2026 capitulariter
639 1947 830 2028 congregati
855 1945 1093 2027 deputaverunt
1124 1944 1207 2006 dnos
1231 1943 1409 2006 Hectorem
1434 1955 1467 2006 et
1491 1943 1663 2006 Nicolaum
1690 1943 1771 2006 Szir-

217 2049 358 2131 powslry
381 2051 423 2112 ad
447 2051 545 2114 dnum
570 2053 775 2134 capitaneum
799 2053 840 2114 ad
865 2061 1006 2115 castrum
1029 2049 1171 2114 Poznan.
1188 2050 1229 2113 ad
1245 2051 1434 2132 ponendum
1452 2071 1561 2114 coram
1578 2071 1635 2114 sua
1651 2051 1773 2134 Magni-

217 2155 349 2220 licencia
369 2158 533 2240 querelam
551 2179 684 2241 gravem
701 2170 814 2222 contra
830 2159 958 2222 nobiles
975 2157 1153 2220 Iohannem
1171 2167 1204 2221 et
1220 2157 1351 2220 Petrum
1367 2156 1562 2239 Splawslrye
1578 2169 1612 2220 et
1628 2159 1772 2239 ipsorum

218 2263 359 2328 factores
383 2275 417 2328 et
440 2265 637 2329 kmethones
661 2267 701 2329 de
725 2264 971 2347 Sczepankowo
1003 2285 1064 2346 pro
1095 2284 1144 2340 e0,
1172 2264 1260 2346 quod
1288 2263 1461 2327 voluerunt
1493 2265 1641 2328 occidere
1673 2266 1770 2327 dnum

217 2370 388 2435 Nicolaum
412 2370 610 2454 Szirpowski
634 2384 802 2456 regentem
826 2372 900 2437 ville
924 2371 1099 2436 Chartovo.

430 2592 474 2656 A.
505 2595 604 2671 1482,
628 2591 697 2656 Iulii
722 2610 781 2667 22,
805 2594 836 2656 in
860 2592 1014 2675 capitulo.

327 2729 413 2800 716.
449 2735 518 2818 (IV.
542 2735 640 2817 66)..
675 2736 797 2800 Vener.
830 2736 884 2798 dni
914 2736 1071 2812 decanus,
1108 2733 1312 2808 scolasticuS,
1347 2732 1508 2806 officialis,
1544 2731 1772 2816 Rogalynslry,

217 2838 341 2915 doctor,
365 2840 555 2917 Dzecanek,
578 2842 710 2916 Hector,
734 2842 953 2918 Zakrzewski,
977 2841 1183 2924 Syrpowslry
1208 2852 1242 2905 et
1258 2840 1513 2921 Carczewslry..
1534 2840 1773 2920 deputaverunt

218 2947 302 3010 dnos
317 2948 540 3023 scolasticum,
565 2948 749 3023 officialem,
774 2949 995 3032 Rogalynsky
1018 2959 1053 3012 et
1069 2949 1249 3012 Hectorem
1265 2949 1307 3010 ad
1323 2947 1505 3010 faciendum
1522 2959 1555 3010 et
1572 2947 1773 3012 limitandum

218 3055 377 3136 granicies
400 3065 434 3120 et
456 3055 558 3138 gades
584 3057 667 3119 inter
690 3056 782 3120 villas
806 3055 1114 3131 interChartlmWO,
1138 3075 1182 3117 ex
1198 3075 1273 3130 una,
1298 3065 1331 3119 et
1348 3053 1603 3136 Sczepankowo,
1629 3055 1775 3136 partibus

218 3161 260 3225 ab
284 3161 394 3226 altera.

431 3383 473 3447 A.
503 3387 603 3463 1483,
627 3384 696 3448 Iulii
720 3401 756 3464 3,
780 3387 812 3447 in
836 3385 980 3466 capitulo
1004 3383 1157 3466 generali.

325 3521 412 3592 717.
436 3526 508 3608 (IV.
533 3528 596 3609 74).
621 3527 705 3590 Item
729 3527 803 3609 quia
827 3527 932 3590 Rmus
949 3537 1042 3608 pater
1057 3525 1141 3589 dnus
1156 3523 1249 3606 Epus
1266 3523 1449 3597 consensit,
1473 3533 1509 3586 ut
1531 3522 1656 3586 decima
1673 3525 1771 3586 mani-

217 3633 337 3716 pularis
360 3653 420 3714 per
442 3631 638 3698 kmethones
661 3635 692 3696 in
717 3633 794 3697 villa
817 3633 1096 3716 Trzebyeslawky
1120 3633 1222 3707 detur,
1254 3632 1285 3694 in
1310 3652 1374 3714 qua
1398 3629 1474 3695 villa
1501 3631 1589 3712 prius
1614 3630 1771 3694 maldrate

217 3739 435 3815 solvebantur,
461 3741 543 3804 dnus
567 3739 826 3823 Gylowieczslry,
852 3742 907 3822 qui
931 3741 1025 3804 istam
1054 3738 1254 3822 prebendam
1287 3737 1386 3801 modo
1410 3738 1570 3819 possidet,
1603 3737 1646 3800 ad
1676 3757 1773 3819 quam

218 3847 363 3929 predicte
387 3847 544 3912 maldrate
569 3847 822 3930 proveniebant,
847 3867 888 3910 ne
911 3867 1088 3930 gravamen
1112 3847 1355 3921 kmethonibus,
1379 3856 1415 3909 ut
1437 3844 1515 3908 alias
1539 3843 1606 3907 lieri
1623 3845 1720 3918 solet,
1744 3845 1776 3906 in

217 3954 457 4037 prorogacione
479 3953 735 4018 decimacionum
767 3955 896 4019 evenire
928 3955 1098 4036 contingat
1130 3964 1165 4018 et
1197 3953 1314 4016 exinde
1346 3951 1489 4036 dampna
1513 3953 1605 4034 sequi
1628 3961 1772 4034 possent,

218 4059 454 4142 infrascriptam
478 4061 721 4125 ordinacionem
746 4073 867 4143 sponte
891 4063 1036 4144 accepit,
1067 4081 1167 4142 seque
1196 4070 1229 4123 et
1257 4080 1334 4122 suos
1367 4060 1397 4122 in
1431 4059 1550 4123 dictam
1574 4058 1774 4140 prebendam

212 4188 426 4232 successuros
449 4179 569 4251 sponte
594 4179 627 4232 et
650 4167 751 4232 libere
775 4169 950 4232 observare
975 4168 1136 4240 submisit,
1163 4169 1206 4230 ita
1227 4166 1392 4230 videlicet:
1418 4177 1594 4249 postquam
1613 4165 1774 4227 frumenta

216 4274 378 4358 hyemalia
401 4273 552 4338 demessa
576 4285 609 4338 et
632 4274 770 4340 collecta
794 4275 929 4349 fuerint,
952 4277 1028 4340 dicti
1052 4275 1247 4339 kmethones
1264 4274 1426 4356 prefatum
1442 4273 1541 4337 dnum
1558 4271 1773 4355 Gylowyecz-

216 4383 280 4465 slry
303 4383 356 4445 vel
378 4402 472 4446 suum
496 4394 758 4466 procuratorem,
790 4403 886 4465 quem
918 4385 1002 4446 circa
1030 4382 1200 4446 ecclesiam
1224 4382 1366 4445 Poznan.
1392 4381 1423 4442 in
1447 4379 1548 4442 domo
1571 4400 1629 4442 sua
1652 4377 1773 4441 habere

217 4489 363 4565 debebit,
387 4491 493 4572 primo
518 4500 551 4555 et
567 4491 721 4564 secundo,
747 4501 782 4554 ut
798 4491 839 4553 ad
855 4489 1081 4554 decimandum
1097 4489 1228 4572 dirigat,
1253 4490 1377 4552 avisare
1393 4487 1605 4564 tenebuntur;
1633 4485 1778 4549 similiter

218 4607 252 4660 et
280 4596 321 4660 de
343 4595 531 4660 estivalibus
555 4597 800 4681 intelligendum
825 4599 884 4662 erit
892 4619 900 4676 ;
936 4598 962 4660 si
994 4608 1103 4661 autem
1135 4599 1264 4660 mittere
1296 4594 1492 4677 negligeret,
1527 4603 1647 4657 extunc
1682 4592 1776 4655 heres

216 4705 269 4767 vel
292 4715 485 4787 procurator
515 4705 584 4768 sive
607 4705 776 4768 wladarius
800 4705 886 4768 dicte
909 4704 985 4767 ville
1009 4705 1151 4786 receptis
1174 4702 1301 4766 duobus
1331 4703 1470 4765 scabinis
1499 4701 1609 4763 iuratis
1639 4699 1776 4762 fideliter

217 4813 379 4876 decimare
396 4821 429 4876 et
446 4811 607 4876 frumenta
623 4813 669 4876 eis
685 4812 915 4895 proveniencia
931 4811 1115 4875 conducere
1132 4809 1262 4892 plenam
1279 4807 1447 4872 habebunt
1463 4806 1660 4882 facultatem,
1677 4815 1774 4888 prout

215 4918 295 4984 alias
318 4919 435 4983 clarius
458 4939 502 4982 ex
524 4919 631 4984 littera
661 4919 780 4982 exinde
804 4918 1004 4983 conficienda
1027 4929 1060 4982 et
1083 4920 1116 4980 in
1138 4938 1177 4981 ea
1200 4916 1348 4980 deductis
1371 4925 1405 4980 et
1429 4915 1563 4978 lucidius
1586 4915 1769 4997 apparebit.

430 5139 474 5203 A.
504 5141 602 5218 1483,
628 5138 697 5203 Iulii
719 5157 758 5217 4,
782 5139 814 5202 in
837 5138 982 5221 capitulo
1006 5139 1158 5221 generali.

325 5277 412 5349 718.
446 5281 512 5366 (IV.
536 5281 598 5366 74).
634 5281 717 5345 Item
749 5280 978 5356 decreverunt,
1013 5281 1102 5364 quod
1131 5281 1286 5362 magister
1314 5278 1435 5342 fabrice
1468 5278 1574 5342 solvat
1598 5277 1681 5340 duos
1705 5276 1772 5339 flor.

215 5389 361 5472 Hungar.
385 5399 419 5452 et
442 5409 539 5452 unam
563 5408 703 5453 marcam
736 5409 797 5470 pro
820 5389 950 5452 residuo
981 5387 1101 5451 laboris
1136 5387 1243 5450 calicis
1274 5398 1307 5450 et
1338 5389 1441 5450 crucis
1476 5405 1645 5449 aureorum
1677 5405 1771 5467 mgro

214 5499 358 5562 Martino
382 5495 544 5560 aurifabro
568 5497 610 5561 de
633 5497 807 5574 Poznania,
838 5498 893 5580 qui
924 5515 1004 5580 mgr.
1035 5495 1193 5559 Martinus
1224 5493 1393 5558 confessus
1424 5503 1475 5558 est
1504 5493 1628 5557 seiam
1652 5491 1772 5556 habere

216 5605 395 5695 plenariam
419 5603 631 5680 solucionem,
656 5625 716 5666 nec
740 5604 860 5686 aliquid
884 5603 1024 5684 amplius
1047 5623 1107 5688 pro
1131 5602 1220 5666 dicto
1244 5601 1355 5664 labore
1379 5612 1492 5686 petere
1515 5600 1704 5686 spopondit.
