4458 6356
851 563 1032 620 arnonus
1052 562 1235 620 naa-nar.
1604 592 1609 606 ·
1791 579 1832 647 39
1940 565 1941 570 '

278 803 352 848 nem
376 784 516 846 Furman
541 794 574 847 et
597 781 753 846 Mathiam
777 783 818 844 de
841 782 1005 844 Tamowo
1029 780 1070 842 ad
1102 781 1236 842 iudicem
1261 791 1294 844 et
1326 781 1530 862 capitaneum
1554 781 1655 844 ituros
1678 782 1709 842 in
1739 781 1832 845 factis

278 891 414 955 ecclesie
436 891 683 972 deputaverunt.

491 1155 534 1218 A.
564 1156 662 1235 1436,
682 1154 755 1235 Julii
777 1173 815 1232 4,
838 1157 871 1217 in
895 1153 1037 1234 capitulo
1061 1153 1212 1234 generali.

388 1311 473 1379 190.
498 1315 533 1394 (l.
562 1319 645 1395 170).
670 1314 706 1377 In
731 1314 850 1378 Christi
874 1316 1004 1378 nomine
1028 1334 1131 1376 amen.
1148 1313 1216 1377 Sub
1233 1335 1319 1376 anno
1336 1314 1411 1378 Nat.
1429 1314 1483 1376 dni
1498 1314 1794 1378 MCCCCXXXVI
1806 1365 1830 1379 ..

277 1422 308 1483 in
334 1421 407 1484 loco
432 1421 598 1504 capitulari
622 1422 686 1484 sito
709 1423 741 1484 in
765 1423 900 1486 ecclesia
931 1421 1106 1484 cathedrali
1137 1421 1233 1483 Pozn.
1259 1421 1300 1482 ad
1324 1420 1453 1482 laudem
1477 1423 1711 1502 omnipotentis
1736 1423 1785 1484 dei
1802 1471 1830 1484 ..

277 1539 354 1610 post
377 1528 520 1591 diversas
544 1528 737 1604 discordias,
762 1529 979 1592 dissensiones
1003 1539 1037 1592 et
1059 1528 1133 1590 odia
1149 1527 1306 1590 hactenus
1330 1529 1362 1590 in
1380 1529 1516 1591 ecclesia
1532 1528 1636 1604 Pozn,
1661 1529 1833 1591 occasione

278 1637 404 1718 prime
435 1637 730 1699 ordinacionis
754 1638 837 1698 inter
861 1636 1005 1717 prelatos
1028 1646 1061 1698 et
1085 1636 1259 1698 canonicos
1277 1635 1317 1697 de
1334 1635 1458 1698 bonis
1482 1636 1636 1698 divisis
1660 1636 1832 1698 dnorum

278 1745 583 1824 adequatorum
608 1764 784 1825 eorumque
808 1743 978 1818 fructibus,
1014 1743 1192 1805 redditibus
1216 1753 1248 1804 et
1273 1723 1484 1822 proventibus
1508 1742 1832 1824 obvencionibusque

278 1852 434 1914 universis
467 1861 500 1912 et
531 1870 643 1912 eorum
675 1851 846 1912 occasione
877 1850 1024 1931 vigentes
1055 1859 1088 1911 et
1119 1851 1279 1930 vigencia,
1304 1869 1411 1912 vener.
1436 1859 1469 1912 et
1492 1848 1607 1912 honor.
1632 1850 1689 1912 viri
1713 1851 1767 1912 dni
1791 1851 1832 1912 ad

277 1955 452 2035 capitulum
475 1958 628 2038 generale
652 1959 883 2019 convenientes
914 1957 1082 2018 videlicet:
1119 1977 1200 2038 mgr.
1227 1956 1425 2037 Wysschota
1457 1958 1657 2037 prepositus,
1693 1956 1832 2020 lllathias

278 2061 369 2144 Drya
393 2062 549 2136 decanus,
574 2063 728 2126 Nicolaus
759 2065 799 2125 de
823 2062 1059 2126 Glamboczecz
1083 2063 1237 2136 Poznan.,
1269 2063 1433 2142 Johannes
1457 2063 1498 2125 de
1521 2063 1717 2126 Twardowo
1741 2063 1829 2127 Srze·

280 2171 399 2234 mensis
423 2171 651 2242 archidiaconi,
688 2171 842 2233 Nicolaus
874 2171 914 2233 de
938 2170 1165 2251 Nyewyeschs
1189 2180 1310 2242 cantor,
1335 2169 1488 2232 Nicolaus
1512 2171 1552 2233 de
1576 2169 1687 2234 Gorka
1712 2173 1833 2234 cancel·

277 2279 389 2352 larius,
414 2297 498 2359 mgr.
521 2277 729 2352 Strzeschko,
750 2277 892 2357 Jacobus
916 2278 956 2339 de
981 2276 1103 2339 Grandi
1127 2277 1263 2339 vicarius
1288 2277 1318 2338 in
1342 2275 1567 2358 Spiritualibus
1591 2278 1687 2342 Pozn.
1712 2298 1831 2360 gener,

278 2383 391 2446 Petrus
414 2384 600 2465 Nowyecz,
635 2385 789 2446 Nicolaus
814 2381 1029 2465 Czothczany,
1065 2383 1197 2455 Hector,
1232 2383 1358 2464 Slupko
1382 2384 1422 2445 de
1443 2382 1660 2459 Schamotuli,
1691 2386 1832 2466 Jacobus

279 2492 318 2552 de
342 2491 562 2577 Wyganovvo‚
582 2491 747 2571 Jaroslaus
771 2491 810 2552 de
828 2489 1032 2562 Cancolewo,
1056 2489 1197 2553 Mathias
1214 2490 1254 2552 de
1270 2490 1443 2565 Tarnow0,
1467 2489 1600 2554 Luthlro
1624 2491 1664 2554 de
1688 2492 1832 2565 Brzesze,

278 2597 394 2660 Paulus
417 2597 458 2660 de
482 2596 635 2678 Gyszice,
660 2598 805 2660 Thomas
829 2599 870 2660 de
893 2597 1048 2672 Cosczol,
1068 2597 1233 2677 Johannes
1257 2597 1399 2660 Furman
1424 2607 1456 2660 et
1479 2598 1593 2661 Petrus
1617 2600 1658 2660 de
1685 2599 1832 2680 Pnyewy

278 2704 393 2785 prelati
417 2715 450 2768 et
474 2706 621 2767 canonici
643 2705 684 2767 ad
708 2725 825 2767 sonum
849 2725 1007 2785 campane
1039 2704 1258 2784 capitulariter
1289 2708 1480 2787 congregati
1512 2715 1544 2768 et
1567 2706 1608 2768 ad
1632 2717 1740 2768 actum
1765 2729 1832 2788 pre·

278 2823 403 2874 sentem
427 2813 516 2874 citati
541 2833 599 2893 per
622 2823 728 2874 certas
751 2813 945 2875 citacionum
969 2812 1092 2874 litteras
1120 2822 1153 2875 et
1176 2813 1284 2874 vocati
1308 2812 1544 2875 multitudinem
1569 2813 1744 2890 evitantes,
1767 2835 1832 2896 que

279 2939 356 2999 sepe
380 2921 464 3000 parit
486 2919 692 2992 discordiam,
718 2931 795 2981 octo
820 2939 927 2981 nove
958 2919 1244 2980 ordinacionis
1265 2919 1451 2981 inventores
1468 2919 1581 2980 eadem
1598 2919 1649 2981 die
1667 2941 1724 3000 per
1740 2923 1830 3001 ipsos

278 3027 421 3107 prelatos
445 3037 479 3088 et
501 3027 675 3088 canonicos
699 3029 730 3087 in
755 3027 815 3088 Dei
842 3029 971 3088 nomine
995 3026 1121 3088 luerunt
1145 3027 1291 3108 deputati
1315 3026 1479 3089 videlicet:
1504 3026 1643 3090 lllathias
1668 3028 1758 3108 Drya
1782 3030 1833 3090 de·
1876 3043 1879 3050 ⁴

280 3153 391 3208 canus,
423 3133 577 3195 Nicolaus
601 3133 641 3194 de
664 3131 899 3195 Glamboczecz
923 3133 1183 3206 archidiaconus,
1215 3132 1369 3194 Nicolaus
1393 3133 1433 3194 de
1457 3133 1683 3214 Nyewyeschs
1708 3147 1831 3210 cantor,

280 3238 456 3303 Hectorem
481 3240 535 3322 (s),
566 3240 746 3320 Jaroslaum
771 3241 812 3302 de
836 3239 1040 3313 Cancolewo,
1071 3240 1242 3302 Nicolaum
1268 3238 1475 3320 Czothczany
1499 3252 1532 3302 et
1551 3239 1730 3319 Johannem
1755 3241 1832 3304 Fur·

279 3367 368 3422 man,
398 3348 452 3429 qui
476 3357 553 3422 octo
578 3349 701 3410 intente
725 3347 999 3410 consideracionis
1022 3347 1173 3428 indagine
1196 3348 1280 3408 circa
1303 3345 1554 3426 disposicionem
1578 3347 1737 3409 bonorum
1762 3349 1833 3410 ade·
1913 3399 1915 3404 .

281 3464 454 3536 quatorum
477 3475 515 3516 ac
539 3454 638 3516 modo
662 3454 873 3516 saluberrimo
894 3475 1021 3536 pacem,
1045 3455 1199 3516 unitatem
1225 3463 1258 3516 et
1281 3453 1487 3516 concordiam
1510 3455 1542 3516 in
1559 3475 1594 3516 se
1611 3456 1832 3518 continentem

279 3562 436 3624 deberent
467 3563 651 3636 intendere,
686 3573 719 3624 et
748 3564 780 3624 in
811 3562 919 3624 medio
950 3562 1080 3643 capituli
1108 3562 1217 3642 magni
1249 3561 1363 3622 eodem
1395 3559 1447 3622 vel
1478 3560 1541 3622 alio
1566 3560 1617 3623 die
1640 3562 1775 3640 recitare
1799 3573 1832 3625 et

278 3670 428 3744 recitare,
464 3671 520 3750 qui
550 3669 666 3731 modus
697 3679 774 3730 tunc
806 3669 919 3730 maiori
943 3669 1027 3750 parti
1051 3668 1213 3730 videretur
1236 3667 1305 3728 lore
1330 3669 1432 3728 iustus
1455 3677 1488 3730 et
1512 3667 1657 3742 deificus,
1692 3688 1729 3730 ac
1753 3670 1831 3732 alias

280 3776 415 3839 ecclesie
438 3775 599 3857 proficuus
623 3787 656 3839 et
680 3776 779 3857 utilis,
804 3775 1029 3838 inviolabiliter
1053 3775 1153 3856 lacta,
1179 3784 1272 3856 gesta
1303 3784 1336 3836 et
1359 3773 1532 3836 adinventa
1556 3795 1614 3855 per
1637 3775 1726 3855 ipsos
1750 3776 1832 3838 dnos

280 3895 356 3946 octo
381 3905 424 3946 ex
447 3883 696 3946 confirmacione
720 3893 753 3946 et
776 3883 1019 3964 approbacione
1043 3883 1151 3964 magni
1175 3879 1306 3962 capituli
1337 3881 1437 3942 robur
1459 3883 1639 3962 reciperent
1663 3881 1829 3956 firmitatis

282 4011 342 4072 que
365 4001 474 4053 autem
499 3991 658 4071 superflua
682 3991 866 4052 viderentur
888 3991 1026 4052 resecari
1051 3988 1208 4052 deberent
1231 3999 1264 4050 et
1287 3989 1413 4069 vero:²)

385 4097 533 4158 Prima
564 4099 662 4178 igitur
694 4098 982 4177 disposicio,
1022 4117 1084 4177 que
1107 4096 1257 4175 sequitur,
1290 4095 1448 4156 debonis
1473 4094 1609 4156 dnorum
1633 4094 1831 4176 prelatorum

280 4215 313 4265 et
336 4205 564 4266 canonicorum
587 4225 624 4265 ac
649 4203 804 4266 [ructibus
821 4205 998 4266 eorundem
1014 4202 1243 4265 beneficiorum
1260 4201 1318 4263 luit
1335 4201 1420 4263 facta
1436 4202 1601 4264 videlicet:
1626 4201 1713 4282 quod
1729 4204 1833 4282 primo
1887 4218 1889 4224 ·

279 4321 311 4374 et
334 4322 410 4373 ante
433 4311 542 4372 omnia
566 4321 800 4374 statutum
823 4311 918 4395 illud,
951 4331 1016 4392 quo
1039 4319 1179 4382 cavetur,
1210 4308 1297 4390 quod
1321 4309 1473 4370 omnibus
1497 4309 1584 4369 bona
1607 4310 1752 4389 corporis
1776 4329 1832 4371 sue

279 4417 445 4500 dignitatis
469 4418 521 4480 vel
544 4418 709 4499 prebende
733 4420 861 4499 possint
884 4439 940 4480 seu
964 4418 1104 4480 debeant
1128 4418 1196 4479 dari
1219 4419 1250 4478 in
1276 4416 1438 4488 arendam,
1456 4414 1514 4476 luit
1530 4415 1675 4478 totaliter
1697 4416 1728 4476 in
1745 4417 1834 4477 omni

279 4545 337 4586 sua
360 4535 452 4606 parte
481 4524 739 4600 sublatum,
763 4524 1064 4586 annullatum
1090 4535 1134 4588 et
1157 4533 1418 4598 cassatum,
1447 4543 1485 4583 ac
1510 4523 1536 4584 si
1559 4541 1724 4603 nunquam
1749 4543 1833 4584 ema-

280 4642 402 4706 nasset,
439 4651 496 4713 per
530 4631 690 4711 prelatum
724 4651 834 4694 vener.
859 4631 1035 4712 capitulum
1072 4631 1264 4693 unanimiter
1298 4640 1331 4693 et
1366 4631 1569 4692 concorditer
1607 4631 1734 4690 nemine
1770 4629 1834 4690 dis-

279 4749 443 4820 crepante.

386 4844 602 4908 Secunda
636 4845 909 4926 disposicio
938 4845 979 4907 de
1008 4865 1169 4934 consensu
1193 4844 1336 4906 omnium
1372 4843 1514 4905 unanimi
1543 4842 1601 4905 fuit
1633 4845 1732 4916 lacta,
1770 4863 1833 4924 que

280 4953 440 5034 sequitur,
475 4952 563 5034 quod
593 4953 780 5016 distribucio
809 4952 969 5014 bonorum
1002 4950 1230 5030 temporalium
1260 4950 1409 5013 videlicet
1432 4951 1592 5024 villarum,
1628 4950 1832 5025 decimarum,

278 5059 520 5133 maldratarum,
556 5060 717 5123 fertonum
752 5070 786 5122 et
819 5060 952 5121 aliarum
988 5059 1243 5132 obvencionum,
1280 5079 1343 5140 que
1373 5067 1451 5120 tunc
1482 5059 1663 5119 iuramento
1693 5056 1752 5118 fuit
1775 5076 1834 5136 per

279 5167 456 5248 quemlibet
479 5167 640 5248 prelatum
664 5178 698 5230 et
721 5168 912 5230 canonicum
935 5186 996 5248 pro
1020 5175 1168 5247 tempore
1186 5175 1263 5229 tunc
1287 5165 1482 5228 existentem
1498 5163 1685 5227 roboratam
1710 5173 1743 5226 et
1758 5183 1834 5225 con-

279 5271 453 5349 firmatam,
478 5283 575 5356 prout
599 5274 632 5336 in
654 5275 834 5336 iuramento
856 5272 936 5336 inlra
960 5273 1075 5336 clarius
1098 5274 1290 5336 continetur.

281 5475 590 5486 hu———a-—a—

390 5597 407 5667 ¹l
426 5599 488 5666 Caly
508 5609 551 5649 ten
570 5608 642 5664 ustep
662 5616 674 5646 z
694 5599 760 5662 winy
779 5598 921 5664 notarjuszs
940 5597 1074 5664 uloionym
1090 5599 1140 5663 jest
1158 5597 1261 5663 blednie
1279 5597 1288 5646 i
1306 5597 1429 5662 niejasno.
