4416 6366
446 593 489 672 96
945 591 1038 642 ACTA
1057 590 1219 644 CAPITULl
1239 589 1491 642 POZNANIENSIS

483 685 755 692 -———-.——.---a.
1076 685 1274 692 -——.-...-—
1343 685 1359 690 -
1376 685 1451 692 -.——-
1754 685 1998 694 -.κη-.--ῃ-

445 806 486 868 ad
521 805 729 868 revidendum
765 807 1050 868 inventarium
1091 805 1279 898 libraria
1319 807 1408 868 cuius
1446 806 1628 870 custodiam
1663 807 1895 870 commiserunt
1932 809 1998 870 dno

446 914 583 976 Nicolao
607 912 797 976 Godzambe
821 935 894 975 cum
918 913 1072 976 clavibus.

661 1107 703 1171 A.
734 1111 824 1187 1458,
848 1108 916 1170 lulii
943 1121 969 1188 5,
994 1109 1025 1169 111
1049 1107 1193 1188 capitulo
1217 1106 1370 1188 generali.

550 1247 639 1313 499.
677 1249 723 1330 (ll.
750 1251 849 1328 204⁰).
885 1249 966 1312 ltem
996 1249 1133 1330 provido
1157 1249 1314 1311 Fawlroni
1339 1248 1422 1310 dnus
1446 1248 1586 1312 Mathias
1610 1251 1784 1312 canonicus
1808 1249 1940 1314 daturus
1964 1261 1997 1313 et

444 1357 606 1420 soluturus
631 1368 681 1419 est
703 1368 769 1421 tres
787 1376 919 1428 marcas,
944 1358 974 1418 in
992 1357 1108 1438 quibus
1125 1356 1185 1418 sibi
1201 1356 1395 1421 tenebantur
1411 1375 1469 1437 pro
1486 1357 1679 1438 repositorio
1695 1357 1837 1421 thezauri
1854 1358 1997 1430 ecclesie,

445 1477 477 1526 et
502 1485 598 1545 super
621 1463 732 1527 debito
755 1464 832 1525 olim
854 1464 908 1526 dni
933 1463 1108 1526 Czollronis
1132 1463 1236 1542 ipsum
1260 1461 1301 1524 ad
1325 1463 1423 1524 dnum
1449 1463 1556 1544 lipum
1587 1475 1619 1526 et
1651 1464 1692 1526 ad
1723 1485 1790 1538 eos,
1821 1467 1874 1546 qui
1898 1467 1997 1547 ipsius

444 1591 495 1632 res
519 1571 685 1634 derelictas
709 1585 908 1652 receperunt,
932 1572 1133 1633 remiserunt.

553 1708 640 1776 500.
665 1711 771 1794 (lbid.)
795 1711 876 1774 ltem
901 1713 1019 1775 ibidem
1043 1713 1096 1774 dni
1113 1713 1352 1774 ordinacionem
1371 1711 1517 1774 iaciendo
1534 1713 1616 1775 inter
1632 1712 1807 1794 plebanum
1823 1733 1849 1776 s.
1867 1713 1997 1776 Martini

444 1830 537 1882 extra
560 1839 670 1882 muros
695 1819 833 1881 Poznan.
859 1829 892 1882 et
917 1818 1030 1882 [ratres
1054 1819 1173 1882 ordinis
1195 1819 1435 1882 Predicatorum
1459 1819 1500 1880 de
1524 1839 1548 1882 s.
1571 1819 1744 1882 Dominico
1778 1820 1818 1882 de
1842 1831 1875 1884 et
1899 1841 1997 1901 super

442 1927 606 1990 eleccione
641 1927 887 2008 sepulturarum,
922 1936 1103 1988 statuentes
1137 1925 1358 2000 decreverunt,
1395 1927 1482 2007 quod
1516 1927 1605 1990 iuxta
1639 1927 1888 2008 disposicionem
1921 1928 1996 1990 iuris

442 2035 623 2096 communis
647 2033 816 2114 unicuique
839 2033 960 2096 licitum
983 2043 1078 2105 esset,
1103 2033 1191 2096 salva
1216 2035 1372 2096 canonica
1395 2034 1565 2114 porcione,
1598 2054 1662 2116 que
1689 2035 1820 2098 racione
1843 2035 1907 2096 loci
1930 2035 1996 2096 iure

443 2141 587 2216 debetur,
611 2141 671 2204 sibi
702 2141 756 2204 ubi
780 2139 878 2204 vellet
909 2141 1028 2222 eligere
1050 2140 1300 2204 ecclesiasticam
1333 2141 1542 2220 sepulturam,
1574 2141 1619 2204 ita
1649 2151 1768 2214 tamen,
1800 2141 1888 2223 quod
1919 2143 1996 2204 dicti

442 2247 592 2312 monachi
609 2269 673 2310 non
690 2247 830 2310 audeant
846 2247 985 2328 aliquem
1001 2247 1152 2310 inducere
1175 2247 1216 2310 ad
1232 2247 1414 2310 huiusmodi
1439 2247 1637 2310 eleccionem
1661 2249 1833 2331 sepulture,
1858 2249 1945 2330 quod
1968 2249 1996 2312 si

441 2355 615 2436 probatum
640 2354 767 2418 dehoc
791 2366 984 2418 contraeos
1008 2353 1099 2429 foret,
1132 2364 1252 2419 extunc
1277 2355 1439 2417 incurrant
1470 2375 1588 2436 penam
1621 2367 1735 2418 contra
1766 2355 1848 2420 tales
1879 2377 1897 2418 a
1928 2358 1996 2418 iure

441 2473 608 2528 statutam.

547 2604 613 2669 Sed
637 2626 677 2668 ne
701 2605 742 2668 de
766 2605 924 2668 electione
949 2603 1031 2666 inter
1055 2603 1141 2685 ipsas
1166 2613 1275 2683 partes
1300 2603 1429 2666 inantea
1452 2603 1658 2686 disceptetur,
1682 2614 1873 2678 statuerunt,
1905 2604 1995 2688 quod

443 2712 548 2776 nullus
571 2713 612 2774 de
635 2721 745 2775 cetero
768 2711 845 2774 inibi
869 2711 1052 2794 sepeliatur,
1076 2711 1136 2773 nisi
1159 2731 1217 2792 per
1241 2709 1460 2774 confessorem
1485 2711 1626 2774 defuncti
1649 2722 1682 2774 et
1706 2711 1788 2775 duos
1812 2722 1914 2776 testes
1930 2712 1995 2774 ido·

441 2839 521 2882 neos
544 2820 678 2883 doctum
702 2818 803 2892 luerit,
828 2819 916 2900 quod
940 2817 1012 2882 talis
1036 2817 1205 2880 defunctus
1229 2817 1306 2880 inibi
1330 2818 1390 2880 sibi
1414 2818 1548 2900 elegerit
1571 2818 1782 2900 sepulturam.

546 2961 629 3024 Item
653 2971 834 3024 statuerunt
858 2972 890 3025 et
914 2959 1151 3034 ordinaverunt,
1180 2959 1270 3042 quod
1293 2959 1413 3022 amodo
1438 2960 1498 3022 sub
1522 2961 1675 3041 parochia
1706 2981 1731 3024 s.
1756 2960 1886 3024 Martini
1918 2961 1995 3024 dicti

440 3067 589 3130 monachi
612 3069 765 3149 psalteria
788 3069 881 3130 alicui
905 3067 1128 3132 defunctorum
1154 3087 1219 3130 non
1244 3067 1362 3149 legant,
1394 3067 1451 3129 sed
1483 3087 1588 3148 neque
1618 3068 1743 3150 vigilias
1772 3079 1906 3132 cantent
1936 3080 1993 3130 aut

442 3175 668 3256 processiones
692 3175 818 3248 faciant,
843 3175 1039 3256 dumptaxat
1062 3177 1145 3238 intra
1169 3185 1263 3254 septa
1286 3177 1472 3236 monasterii
1503 3175 1559 3246 sui,
1592 3185 1767 3256 postquam
1790 3195 1911 3256 corpus
1938 3175 1996 3238 de-

439 3281 539 3344 functi
562 3282 636 3344 illuc
660 3282 753 3346 suerit
776 3282 937 3360 delatum;
961 3293 994 3345 et
1018 3282 1103 3346 idem
1128 3282 1308 3364 intelligere
1331 3282 1502 3344 voluerunt
1526 3282 1566 3345 de
1582 3282 1734 3345 omnibus
1754 3281 1915 3363 parochiis
1930 3283 1995 3344 dio·

439 3392 521 3453 cesis
544 3390 781 3454 Poznaniensis.

654 3609 697 3673 A.
727 3613 818 3690 1458,
842 3609 910 3672 Iulii
940 3627 986 3684 11,
1011 3611 1043 3673 in
1066 3609 1218 3692 capitulo.

550 3747 637 3816 501.
672 3750 722 3832 (ll.
748 3751 865 3830 205)..
898 3751 1017 3814 Vener.
1047 3761 1156 3832 patres
1180 3761 1213 3814 et
1236 3750 1289 3813 dni
1314 3751 1429 3814 librum
1453 3751 1717 3834 Hugwicium
1743 3773 1801 3832 per
1824 3754 1923 3817 dnum
1947 3755 1994 3816 la-

438 3857 574 3921 skonem
599 3878 659 3938 pro
684 3858 818 3921 ecclesia
842 3857 982 3922 Poznan.
1008 3857 1151 3939 legatum
1174 3858 1388 3920 vendiderunt
1417 3879 1510 3940 mgro
1534 3859 1671 3922 Nicolao
1703 3860 1744 3922 de
1775 3859 1897 3924 Costen
1930 3883 1993 3943 pro

437 3965 561 4028 duabus
585 3965 766 4047 sexegenis
800 3986 880 4046 quas
904 3965 958 4027 dni
982 3965 1138 4028 dederunt
1162 3966 1299 4048 provido
1323 3965 1481 4028 Fawlroni
1504 3967 1545 4028 ad
1570 3968 1731 4030 racionem
1755 3969 1849 4030 trium
1874 3987 1994 4032 marca·

439 4091 518 4147 rum,
543 4074 575 4135 in
599 4073 715 4154 quibus
738 4073 797 4136 sibi
822 4072 1026 4136 tenebantur.

656 4266 696 4330 A.
727 4273 817 4347 1458,
842 4267 986 4348 Augusti
1015 4283 1060 4338 11,
1084 4269 1116 4328 in
1140 4266 1292 4348 capitulo

546 4404 632 4474 502.
658 4407 707 4488 (ΙΙ.
734 4408 811 4489 205)
826 4457 855 4472 ..
881 4409 1000 4471 Vener.
1026 4419 1136 4490 patres
1160 4419 1193 4472 et
1217 4409 1270 4471 dni
1295 4409 1408 4490 prelati
1431 4421 1463 4471 et
1480 4411 1625 4472 canonici
1641 4411 1682 4472 ad
1699 4431 1814 4474 sonum
1831 4433 1993 4494 campane

437 4515 655 4596 capitulariter
679 4517 871 4598 congregati
894 4515 1126 4579 kmethonibus
1150 4517 1182 4578 in
1199 4517 1400 4590 Drosdzicze,
1425 4517 1558 4580 attentis
1575 4517 1724 4598 dampnis
1741 4519 1817 4598 ipsis
1834 4521 1993 4600 preterito

435 4634 469 4685 et
498 4625 642 4702 presenti
673 4624 765 4687 annis
800 4643 859 4704 per
894 4623 1228 4686 exercituales
1263 4623 1367 4696 illatis,
1399 4643 1531 4686 censum
1563 4645 1649 4686 anno
1672 4625 1816 4706 presenti
1839 4626 1993 4690 videlicet

438 4728 501 4791 Vll
524 4750 664 4792 marcam
689 4731 886 4794 dimiserunt.

648 4924 691 4989 A.
722 4928 813 5006 1458,
836 4924 981 5008 Augusti
1006 4940 1056 5006 25,
1081 4927 1112 4988 in
1136 4924 1288 5008 capitulo.

541 5063 628 5131 503.
660 5067 707 5148 (ΙΙ.
734 5069 822 5149 205⁰)
836 5115 863 5130 ..
896 5067 1014 5130 Vener.
1039 5077 1149 5150 patres
1173 5079 1206 5130 et
1229 5067 1284 5130 dni
1308 5068 1462 5130 Nicolaus
1486 5077 1605 5138 custos,
1629 5067 1766 5130 lacobus
1789 5069 1992 5140 scolasticus,

433 5172 565 5249 Hector,
590 5173 749 5250 Clemens,
774 5174 915 5239 Mathias
935 5175 1169 5248 Twardowski,
1193 5173 1418 5256 Sandivogius,
1443 5174 1598 5256 Chibsky,
1622 5175 1816 5254 Wyslrotha,
1834 5175 1995 5258 Rogalin-

433 5280 504 5362 slry,
537 5279 716 5345 Stanislaus
747 5283 978 5364 Pleschewslry
1012 5293 1044 5346 et
1076 5283 1232 5366 magister
1255 5281 1408 5345 Nicolaus
1432 5282 1472 5345 de
1497 5281 1620 5345 Costen
1645 5283 1759 5362 prelati
1783 5293 1816 5346 et
1840 5285 1992 5346 canonici

433 5389 567 5451 ecclesie
601 5389 740 5452 Poznan.
776 5391 818 5452 ad
853 5409 969 5454 sonum
1000 5411 1158 5471 campane
1188 5389 1405 5470 capitularter
1434 5389 1624 5471 congregati
1656 5391 1766 5452 audito
1798 5391 1993 5453 testimonio

433 5495 569 5557 dnorum
594 5496 703 5558 lacobi
726 5497 767 5558 de
790 5498 986 5579 Wiganowo
1011 5497 1172 5560 scolastici
1197 5508 1230 5559 et
1252 5495 1402 5559 Stanislai
1427 5496 1467 5558 de
1491 5495 1679 5558 Pleschewo
1710 5497 1864 5570 canonici,
1897 5499 1993 5579 quod

432 5602 514 5666 dnus
538 5602 742 5668 Bemhardus
766 5605 807 5668 de
831 5605 1032 5668 Bruczlrowo
1056 5605 1232 5666 canonicus
1257 5615 1307 5666 est
1331 5615 1457 5666 creatus
1482 5603 1677 5668 baccalarius
1698 5606 1728 5666 in
1747 5605 1812 5666 iure
1829 5605 1993 5670 canonico
