4390 6368
440 601 504 653 210
960 589 1053 640 ACTA
1072 589 1232 641 caP1TUL1
1254 588 1508 640 POZNaNJENsts

650 799 692 862 A.
720 815 819 880 1519,
844 800 987 884 Augusti
1012 817 1066 876 22,
1091 803 1122 862 in
1147 791 1299 883 capitulo.

549 939 655 1006 1075.
680 941 781 1021 (Vlll.
812 943 895 1022 106).
919 941 1055 1006 Locatio
1080 943 1293 1005 kmethonum
1317 944 1349 1004 in
1375 942 1578 1005 Gotartowo.
1597 982 1636 989 —
1655 943 1716 1006 Die
1740 944 1870 1007 Lune..
1887 966 1992 1008 vener.

434 1049 505 1110 dnis
530 1049 662 1129 prelatis
687 1058 719 1110 et
744 1049 907 1110 canonicis
931 1098 959 1110 ..
985 1050 1204 1130 capitulariter
1228 1053 1436 1130 congregatis
1453 1049 1535 1111 dnus
1554 1051 1750 1112 Benedictus
1767 1051 1992 1132 stbyenslry
2087 1097 2090 1108 ,

434 1155 509 1218 11111
534 1155 742 1226 relationem,
765 1157 839 1236 quia
864 1156 981 1218 locavit
1006 1156 1088 1217 duos
1112 1157 1307 1218 kmethones
1333 1159 1362 1216 in
1388 1155 1515 1218 duobus
1547 1159 1667 1220 mansis
1700 1158 1838 1220 desertis
1862 1161 1893 1220 in
1917 1160 1993 1220 villa

434 1261 641 1326 Gotarthovo
665 1263 865 1342 prestimonii
890 1263 954 1334 sui,
987 1283 1125 1343 quorum
1158 1263 1211 1324 uni
1236 1263 1413 1324 eorundem
1446 1261 1612 1325 hominum
1637 1264 1718 1326 dixit
1743 1285 1778 1326 se
1802 1265 1928 1328 dedisse
1952 1267 1991 1327 de

436 1390 495 1432 sex
519 1371 634 1430 marcis
658 1370 794 1448 pecunie
818 1369 921 1430 eidem
946 1369 986 1430 ad
1012 1370 1115 1450 ipsam
1152 1369 1345 1431 locationem
1371 1389 1429 1449 per
1453 1370 1535 1430 dnos
1560 1369 1660 1434 datis:
1696 1371 1772 1432 item
1797 1372 1940 1451 inprimis
1963 1371 1991 1432 ll

436 1495 540 1556 equos
577 1496 636 1556 pro
672 1476 733 1537 VlI
770 1476 949 1538 fertonibus
981 1487 1013 1538 et
1045 1476 1091 1538 Vl
1124 1497 1186 1558 gc,
1225 1477 1302 1538 item
1338 1477 1419 1538 alios
1443 1475 1476 1538 11
1501 1497 1604 1558 equos
1635 1499 1696 1560 pro
1719 1478 1781 1540 Vll
1806 1479 1995 1552 fertonibus,

435 1585 513 1644 item
539 1603 671 1644 vaccam
700 1603 759 1663 pro
785 1582 979 1644 XXXXllll
1004 1604 1059 1665 gr,
1093 1585 1169 1646 item
1195 1583 1354 1645 fertonem
1380 1602 1440 1663 pro
1465 1604 1573 1658 curru,
1605 1587 1682 1647 item
1708 1606 1768 1665 pro
1793 1585 1993 1648 ferramentis

435 1690 476 1751 ad
500 1701 640 1752 aratrum
664 1687 750 1752 Vlll
776 1709 832 1770 gr..
859 1691 936 1753 item
961 1711 1021 1770 pro
1044 1689 1197 1770 rodlycaa
1221 1690 1266 1751 lIl
1290 1711 1345 1770 gr,
1372 1691 1450 1752 item
1475 1711 1536 1770 pro
1561 1693 1664 1754 securi
1688 1691 1721 1755 V
1745 1713 1799 1774 gr.¹
1834 1693 1910 1754 item
1935 1712 1994 1773 pro

438 1800 519 1858 rotis
542 1798 582 1858 ad
607 1809 748 1858 aratrum
773 1796 857 1858 VllI
880 1799 1053 1875 ternarios;
1078 1799 1156 1860 item
1182 1796 1263 1878 [prol
1290 1797 1376 1858 redis
1397 1795 1430 1859 11
1455 1819 1513 1878 gr..
1539 1799 1615 1860 item
1641 1821 1700 1880 pro
1724 1799 1804 1862 falce
1828 1799 1917 1883 lV¹s2
1939 1821 1994 1880 gr,

436 1905 512 1966 item
538 1924 597 1984 pro
621 1904 778 1965 messorio
802 1901 818 1965 Ι
844 1925 890 1984 gr.
916 1902 1016 1965 Sum
1032 1925 1095 1964 ma
1119 1905 1219 1966 totius
1246 1903 1277 1964 V
1302 1923 1409 1965 marce
1436 1904 1500 1966 XV
1525 1927 1571 1986 gr.
1603 1905 1687 1968 Item
1712 1907 1803 1968 alteri
1828 1907 1993 1968 hominum

436 2009 626 2071 tantundem
650 2010 716 2070 dari
742 2010 857 2084 debet,
892 2021 988 2090 prout
1013 2021 1046 2072 et
1070 2013 1121 2072 isti
1146 2009 1369 2090 suprascripto
1405 2011 1517 2074 datum
1541 2023 1601 2074 est.
1624 2011 1708 2075 Item
1734 2015 1858 2094 utrique
1883 2034 1996 2075 eorun-

435 2117 508 2178 dem
533 2117 653 2180 debent
677 2116 743 2178 dari
767 2117 864 2180 XXX
888 2137 1038 2178 mensure
1062 2117 1212 2199 siliginiS,
1248 2119 1325 2178 item
1351 2117 1434 2180 XVI
1459 2139 1608 2182 mensure
1640 2141 1742 2182 avene
1766 2140 1826 2201 pro
1852 2121 1937 2181 victu
1962 2131 1996 2181 et

437 2223 661 2286 seminatione.

653 2443 696 2506 A.
727 2459 826 2522 1519,
850 2444 1046 2508 Novembris
1076 2445 1129 2520 16,
1154 2447 1185 2508 in
1209 2445 1353 2526 capitulo
1378 2447 1531 2527 generali.

551 2581 659 2649 1076.
683 2585 789 2668 (VlII.
819 2587 896 2668 110).
930 2586 1055 2649 Ibidem
1092 2587 1209 2667 prefati
1242 2589 1295 2650 dni
1331 2589 1560 2658 decreverunt.
1597 2599 1632 2652 ut
1656 2589 1709 2651 dni
1735 2601 1906 2672 regenteS,
1942 2589 1994 2671 qui

437 2690 557 2754 habent
581 2695 792 2773 prestimonia
816 2695 846 2754 in
872 2715 936 2755 uno
970 2707 1003 2756 et
1026 2695 1130 2758 altero
1168 2695 1276 2756 medio
1311 2696 1424 2758 miliari
1448 2718 1466 2757 a
1491 2698 1622 2758 civitate
1658 2696 1796 2758 Poznan.
1833 2698 1994 2769 distantia,

437 2799 640 2878 preciperent
676 2799 860 2862 hominibus
884 2802 944 2862 sub
968 2804 1065 2864 certis
1089 2803 1196 2883 penis,
1236 2813 1270 2864 ut
1294 2804 1405 2864 nullibi
1441 2804 1546 2864 solum
1579 2805 1609 2864 in
1637 2803 1829 2866 molendinis
1864 2804 1995 2884 capituli

436 2905 521 2965 circa
545 2925 706 2968 summum
729 2909 984 2971 consistentibus
1009 2909 1169 2972 frumenta
1194 2909 1317 2972 molere
1340 2911 1506 2972 auderent.

652 3125 693 3188 A.
723 3141 820 3206 1520,
845 3128 951 3190 Martii
981 3147 1034 3204 12,
1059 3131 1089 3192 in
1115 3130 1270 3211 capitulo

550 3263 660 3332 1077.
683 3269 779 3350 (VIII.
809 3271 895 3352 114⁰)
909 3319 935 3334 ..
961 3271 1024 3334 Dni
1049 3273 1268 3354 capitulariter
1285 3275 1476 3354 congregati
1493 3271 1722 3344 decreverunt,
1747 3285 1781 3336 ut
1805 3285 1998 3354 procurator

437 3374 586 3454 capituli,
611 3386 708 3455 prout
731 3375 793 3438 hoc
818 3378 901 3440 idem
927 3399 969 3440 ex
992 3381 1128 3462 antiquo
1152 3379 1317 3442 observari
1349 3381 1482 3443 solitum
1507 3391 1591 3454 erat,
1628 3380 1751 3443 litteras
1774 3381 1918 3462 capitulo
1941 3403 1998 3442 un·

437 3481 604 3561 decunque
628 3483 821 3557 submissas,
846 3483 964 3548 habitis
989 3486 1116 3548 duobus
1143 3487 1195 3549 vel
1219 3488 1321 3549 tribus
1345 3487 1417 3550 dnis
1441 3487 1481 3548 de
1506 3487 1662 3568 capitulo,
1695 3508 1777 3568 quos
1802 3499 1939 3568 protunc
1961 3488 1996 3549 in

438 3597 593 3668 prompto
617 3588 729 3652 haberi
765 3591 922 3671 poterint,
958 3593 1039 3655 tales
1076 3593 1200 3656 litteras
1235 3597 1383 3674 apperire
1418 3594 1524 3657 valeat
1558 3595 1642 3656 licite
1667 3605 1699 3657 et
1723 3595 1748 3657 si
1772 3597 1939 3678 negotium
1963 3595 1995 3656 in

437 3703 563 3756 tantum
588 3715 752 3777 pregnans
776 3709 879 3768 esset,
904 3699 989 3762 dnos
1013 3711 1190 3774 convocet,
1215 3701 1294 3764 alias
1318 3711 1394 3764 tunc
1419 3713 1532 3782 posset
1557 3703 1675 3764 differri
1700 3703 1740 3764 ad
1764 3723 1857 3782 prox.
1875 3703 1996 3784 capitu·

438 3799 502 3862 lum
528 3799 678 3864 futurum.

550 3941 659 4009 1078.
685 3945 790 4028 (Ibid).
825 3947 948 4010 Ibidem
974 3951 1026 4012 dni
1051 3949 1165 4032 prefati
1201 3963 1314 4013 mutuo
1339 3963 1371 4014 et
1395 3951 1520 4014 solenni
1553 3961 1692 4014 tractatu
1716 3952 1875 4032 premisso
1900 3973 1997 4032 super

438 4048 626 4116 differentiis
650 4055 733 4116 inter
757 4053 857 4116 dnum
881 4055 1076 4120 Anzelmum
1101 4058 1141 4119 de
1166 4057 1314 4119 Lukowo
1345 4071 1510 4121 cantorem
1537 4071 1569 4120 ct
1594 4059 1693 4119 dnum
1725 4059 1897 4121 Nicolaum
1923 4057 1996 4122 Ole

437 4159 500 4238 slry
517 4163 707 4222 canonicum
724 4160 875 4236 Poznan.,
899 4163 1049 4226 hincinde
1073 4165 1226 4246 partibus,
1251 4185 1293 4227 ex
1317 4167 1425 4228 verbis
1442 4167 1683 4228 contumeliosis
1700 4187 1759 4246 per
1774 4169 1879 4248 ipsum
1897 4167 1995 4228 dnum

437 4277 603 4328 cautorem
629 4269 757 4349 prefato
782 4270 848 4330 dno
873 4268 1000 4351 Oleslcy
1024 4273 1158 4352 prolatis
1184 4273 1215 4334 in
1239 4273 1375 4335 ecclesia
1401 4273 1539 4334 Poznan.
1557 4273 1617 4335 sub
1635 4274 1750 4354 vigiliis
1766 4275 1993 4336 canonicorum

438 4373 603 4436 videlicet:
631 4374 725 4438 »Stas
750 4375 844 4437 michi
871 4397 930 4456 pro
954 4389 1097 4440 stercore
1120 4381 1270 4452 canino,‹
1298 4381 1439 4443 subortis
1463 4391 1495 4441 et
1519 4383 1651 4442 tandem
1676 4401 1775 4463 super
1798 4382 1868 4444 aliis
1886 4392 1996 4444 contu·

438 4481 541 4542 meliis
564 4483 643 4560 ipsis
667 4482 738 4544 dnis
763 4505 821 4562 per
845 4484 1026 4564 predictum
1062 4485 1161 4547 dnum
1198 4497 1363 4549 cantorem
1397 4507 1454 4568 per
1477 4487 1576 4548 verba
1611 4489 1815 4550 vehementia
1839 4501 1872 4552 et
1897 4491 1995 4550 inmo·

414 4585 628 4649 Ι(1111111111
655 4601 749 4670 gestu
774 4593 974 4653 commotivo
999 4593 1030 4652 in
1056 4592 1163 4654 medio
1195 4594 1325 4674 capituli
1356 4615 1468 4656 eornm
1504 4595 1638 4674 prolatis
1662 4605 1695 4658 et
1719 4597 1813 4658 dictis
1838 4617 1876 4658 ac
1900 4615 1997 4677 super

438 4713 477 4752 eo
502 4695 615 4768 etiarn,
651 4697 738 4776 quod
764 4699 832 4778 ipse
856 4698 939 4761 dnus
964 4709 1079 4761 cantor
1102 4710 1214 4762 contra
1239 4701 1505 4763 consuetudinem
1539 4713 1643 4764 status
1667 4705 1714 4766 sui
1738 4703 1823 4766 solet
1847 4703 1995 4765 incedere

439 4801 468 4861 in
492 4803 637 4865 vestibus
662 4802 826 4866 laicalibus
849 4817 882 4868 11
908 4807 1035 4868 birretis
1069 4807 1217 4869 cornutis
1242 4818 1395 4888 tanquam
1423 4823 1561 4889 persona
1587 4811 1746 4882 secularis,
1770 4809 1890 4874 auditis
1913 4811 1995 4873 hinc-

437 4909 510 4970 inde
544 4911 722 4991 propositis
756 4924 789 4974 et
812 4917 985 4992 responsis,
1011 4924 1135 4976 matura
1154 4914 1388 4976 deliberatione
1406 4915 1583 4995 prehabita,
1609 4918 1820 4980 decreverunt
1840 4928 1994 4981 statutum

438 5017 527 5078 iuxta
551 5019 599 5078 sui
622 5019 854 5081 continentiam
880 5032 993 5082 contra
1016 5023 1121 5101 ipsum
1146 5023 1242 5082 dnum
1269 5032 1436 5083 cantorem
1460 5024 1720 5098 extendendum,
1756 5045 1854 5106 quem
1878 5025 1994 5086 ibidem

438 5123 655 5187 extenderunt
687 5126 718 5186 in
742 5125 858 5187 effectu
883 5128 923 5188 ad
947 5128 1112 5189 arbitrium
1131 5128 1267 5190 dnorum
1295 5129 1487 5204 tenendum,
1513 5132 1744 5212 aquoquidem
1763 5133 1899 5195 decreto
1916 5132 1995 5194 dnus

436 5239 550 5292 cantor
573 5231 749 5312 appellavit
772 5234 874 5294 verbo
897 5235 938 5295 ad
963 5235 1082 5296 Rmum
1108 5235 1137 5296 in
1163 5235 1266 5296 forma
1290 5235 1423 5297 meliori.

549 5369 659 5437 1079.
684 5374 791 5456 (VIII.
823 5375 902 5456 115).
928 5375 1054 5438 Ibidem
1078 5377 1193 5457 prefati
1218 5377 1272 5439 dni
1296 5379 1336 5439 ad
1360 5377 1513 5440 humilem
1531 5378 1720 5457 petitionem
1737 5380 1839 5460 ipsius
1856 5380 1995 5442 cantoris

438 5479 556 5540 ibidem
582 5501 691 5542 coram
717 5483 787 5544 dnis
812 5482 937 5552 factam,
964 5495 1040 5564 post
1063 5485 1359 5546 reconciliationem
1396 5498 1540 5547 mutuam
1565 5485 1647 5548 inter
1671 5485 1809 5548 eundem
1835 5497 1868 5548 et
1893 5488 1993 5567 ipsum

436 5585 534 5648 dnum
561 5585 686 5669 Oleslry
711 5588 872 5663 habitam,
897 5591 1035 5653 eundem
1071 5592 1171 5652 dnum
1196 5604 1361 5654 cantorem
1388 5615 1405 5652 a
1430 5593 1555 5674 prefata
1586 5595 1698 5656 statuti
1723 5597 1916 5658 extensione
1938 5592 1994 5654 ab
