4458 6356
835 561 1016 616 1101011111
1036 560 1222 622 110-1101.
1464 513 1466 520 ’
1789 577 1808 646 7

468 775 512 839 A.
544 793 639 857 1430,
665 777 861 840 Novembris
890 791 943 858 15,
968 779 1000 841 111
1024 780 1166 860 capitulo
1192 778 1344 860 generali.

363 913 423 982 33.
450 918 485 1002 (Ι.
508 920 563 997 40)
587 918 758 983 Presbiteri
781 919 912 984 heretici
937 919 1069 1003 Crobya
1093 958 1134 966 —
1159 921 1241 984 Item
1265 921 1382 984 ibidem
1414 921 1570 985 discretus
1594 971 1621 984 ..
1651 921 1812 1004 presbiter

256 1025 296 1087 de
318 1023 450 1106 Crobya
473 1047 531 1108 per
555 1026 662 1089 Rdum
686 1028 717 1089 in
742 1026 873 1090 Christo
896 1039 1022 1109 patrem
1047 1027 1146 1090 dnum
1170 1027 1365 1092 Stanislaum
1390 1027 1497 1110 Epum
1515 1027 1621 1104 Pozn„
1644 1050 1686 1090 011
1708 1049 1810 1111 quen·

256 1133 329 1195 dam
356 1133 484 1212 laycum
509 1133 549 1196 de
566 1135 689 1215 oppido
713 1133 845 1216 Crobya
869 1135 1090 1208 interfecisset,
1117 1138 1148 1197 in
1173 1137 1340 1216 presencia
1364 1136 1523 1199 dictorum
1548 1137 1685 1198 duorum
1711 1138 1811 1217 prela-

256 1249 363 1302 torum
386 1248 419 1304 et
441 1243 672 1305 canonicorum
696 1242 921 1324 interrogatus,
947 1243 1001 1324 qui
1025 1242 1184 1324 presbiter
1208 1244 1440 1324 negacionibus
1464 1254 1498 1308 et
1521 1243 1695 1308 mendaciis
1719 1244 1810 1306 hinc-

255 1347 329 1410 inde
360 1348 469 1429 sepius
492 1358 525 1411 et
548 1350 659 1429 sepius
687 1349 780 1413 sactis
811 1350 852 1411 ad
885 1350 1042 1413 instantes
1074 1350 1302 1432 inquisiciones
1338 1351 1508 1414 memorati
1540 1350 1604 1412 Rdi
1628 1352 1729 1432 patris
1753 1351 1806 1412 dni

256 1453 407 1518 Stanislai
430 1454 492 1536 Epi
517 1455 696 1518 iuramento
719 1456 760 1518 ad
783 1476 808 1520 s.
833 1456 894 1518 Dei
917 1456 1106 1539 Evangelia
1129 1457 1290 1538 corporali
1321 1459 1459 1538 prestito
1482 1457 1619 1522 finaliter
1641 1457 1810 1521 confessus

257 1572 366 1625 estse
391 1563 496 1643 ipsum
521 1562 696 1626 wlnerasse
724 1573 764 1636 et,
790 1574 886 1646 prout
917 1585 975 1646 per·
998 1565 1136 1627 eundem
1160 1563 1355 1628 Stanislaum
1386 1565 1494 1647 Epum
1524 1575 1557 1629 et
1588 1565 1693 1628 dictos
1726 1565 1809 1628 dnos

256 1668 399 1750 prelatos
423 1679 456 1733 et
480 1670 653 1734 canonicos
677 1671 847 1734 manifeste
870 1682 920 1735 est
943 1682 1163 1754 compertum,
1188 1673 1327 1734 eundem
1351 1673 1480 1754 laycum
1505 1673 1664 1736 interfecit
1687 1683 1809 1736 etcum

256 1797 359 1838 uxore
382 1797 440 1839 sua
463 1777 631 1841 consessus
661 1789 710 1842 est
734 1798 770 1842 se
793 1780 963 1842 carnaliter
993 1779 1214 1852 cohabitasse,
1239 1799 1281 1841 ex
1305 1800 1370 1861 qua
1401 1799 1549 1861 puerum,
1574 1780 1649 1844 licet
1671 1779 1735 1842 hoc
1759 1799 1811 1841 ne·

256 1883 365 1965 gabat,
393 1887 602 1966 procreavit,
615 1896 712 1966 prout
735 1887 838 1948 eciam
861 1895 912 1950 est
936 1885 1105 1950 manifeste
1128 1885 1312 1950 deductum.

468 2095 511 2160 A.
541 2113 633 2176 1430,
657 2096 855 2161 Novembris
884 2100 929 2172 18,
953 2098 985 2160 111
1010 2096 1153 2180 capitulo
1178 2098 1330 2180 generali.

365 2234 426 2304 34.
456 2238 491 2322 (Ι.
515 2239 597 2320 42⁰).
644 2239 728 2302 Item
760 2241 878 2303 ibidem
910 2240 1003 2304 Rdus
1033 2252 1127 2322 pater
1151 2241 1234 2303 dnus
1257 2238 1437 2302 Stanislaus
1461 2239 1548 2320 Epus
1570 2238 1712 2302 Poznan.
1737 2259 1810 2302 cum

255 2345 329 2406 dnis
353 2347 541 2428 prescriptis
565 2345 761 2411 kmethones
785 2347 825 2409 de
849 2347 985 2410 Lucovo
1008 2348 1088 2411 111110
1111 2347 1185 2411 111110
1209 2357 1242 2410 01
1272 2347 1466 2410 sinodum
1500 2347 1649 2428 proxime
1672 2346 1811 2409 celebra

255 2461 362 2515 turam
385 2452 597 2517 decreverunt
621 2452 691 2516 1010
713 2453 943 2519 absolvendos.

469 2645 513 2709 A.
543 2661 641 2725 1430,
664 2645 860 2709 Novembris
885 2663 939 2718 22,
965 2646 996 2708 in
1020 2645 1162 2728 capitulo
1186 2646 1338 2728 generali.

364 2782 576 2869 35.(1.43⁰)
611 2788 675 2850 Dni
699 2788 850 2852 Stanislai
881 2788 944 2870 Epi
967 2788 1132 2851 Plocensis
1162 2809 1235 2852 cum
1259 2789 1325 2850 dno
1349 2787 1492 2850 Furman
1515 2824 1559 2834 -
1583 2789 1665 2852 Item
1688 2788 1807 2851 ibidem

253 2893 348 2958 Rdus
374 2940 403 2958 ..
428 2895 511 2958 dnus
535 2893 714 2958 Stanislaus
749 2896 840 2977 Epus
870 2895 957 2959 Ploc.
991 2907 1189 2958 memoratos
1226 2897 1308 2958 dnos
1339 2896 1483 2977 prelatos
1516 2907 1549 2958 et
1573 2897 1748 2958 canonicos
1772 2917 1810 2958 ac

253 3001 479 3064 honorabilem
504 3003 603 3064 dnum
622 3003 804 3082 Johannem
828 3003 969 3066 Furman
993 3006 1182 3066 canonicum
1208 3003 1343 3066 Poznan.
1376 3004 1488 3084 vigore
1513 3023 1723 3083 processuum
1748 3003 1811 3064 Rdi

253 3110 358 3190 patris
381 3109 434 3171 dni
460 3109 626 3172 Ludowici
650 3111 690 3172 de
709 3109 837 3182 GarsiiS,
862 3111 1064 3173 decretorum
1090 3111 1233 3173 doctoris
1258 3111 1404 3171 canonici
1428 3109 1563 3172 ecclesie
1588 3110 1811 3182 Bononiensis

253 3236 273 3278 a
299 3212 384 3278 Sede
407 3216 603 3297 Apostolica
632 3229 856 3280 emanaturum
888 3219 1013 3281 monuit
1041 3229 1075 3281 01
1098 3219 1278 3298 requisivit,
1315 3227 1349 3280 ut
1373 3216 1452 3278 111110
1484 3217 1654 3279 duodecim
1679 3217 1747 3280 dies
1770 3216 1812 3278 ad

254 3325 497 3403 possessionem
522 3325 731 3386 canonicatus
754 3335 787 3386 et
811 3323 992 3405 prebende,
1017 3345 1099 3406 quos
1123 3335 1200 3406 post
1224 3323 1348 3386 obitum
1373 3323 1427 3386 dni
1450 3325 1596 3386 canonici
1619 3324 1696 3386 olim
1713 3323 1811 3386 Pozn.

253 3432 288 3493 in
313 3430 398 3494 dicta
422 3431 557 3494 ecclesia
580 3431 674 3494 Pozn.
699 3431 780 3494 dixit
803 3451 838 3494 se
861 3430 996 3506 habere,
1030 3451 1103 3494 eum
1128 3433 1343 3502 restituerent,
1368 3451 1496 3494 necnon
1522 3430 1562 3493 de
1585 3429 1740 3494 fructibus
1764 3451 1810 3493 re·

252 3540 355 3602 tentis
378 3549 411 3601 et
435 3540 598 3620 perceptis
620 3559 639 3600 a
663 3538 807 3621 pluribus
830 3539 922 3601 annis
946 3538 987 3600 de
1011 3539 1104 3602 dictis
1128 3539 1320 3600 canonicatu
1344 3547 1377 3600 et
1402 3537 1567 3618 prebenda
1583 3537 1808 3601 satisfacerent

253 3656 288 3708 et
313 3647 344 3706 in
369 3647 577 3726 possessione
610 3644 742 3726 pacifica
773 3645 973 3709 dimitterent
1003 3646 1093 3708 iuxta
1124 3646 1361 3708 continenciam
1396 3645 1555 3709 dictorum
1587 3665 1809 3726 processuum,

253 3763 288 3816 et
313 3752 417 3816 dictus
441 3753 523 3816 dnus
542 3752 706 3833 lohannes
741 3752 882 3814 Furman
906 3753 947 3814 de
970 3752 1063 3816 dictis
1096 3753 1288 3816 canonicatu
1317 3762 1350 3815 et
1381 3751 1548 3832 prebenda
1579 3753 1638 3814 sibi
1663 3751 1809 3829 cederet;

253 3861 311 3942 qui
334 3861 428 3934 dnus,
454 3860 568 3941 prelati
592 3872 624 3923 et
648 3861 794 3922 canonici
818 3860 950 3922 modum
974 3859 1157 3932 concordie¹
1172 3860 1314 3922 invenire
1338 3869 1510 3941 querentes
1527 3879 1625 3940 super
1643 3859 1809 3942 premissis

252 3977 414 4030 tractatus
438 3977 568 4030 mutuos
591 3966 740 4029 hincinde
764 3966 918 4032 fecerunt.

363 4083 406 4146 Et
429 4083 547 4146 ibidem
571 4093 768 4147 memoratus
792 4083 873 4145 dnus
897 4081 1076 4146 Stanislaus
1099 4083 1191 4164 Epus
1215 4082 1309 4146 dictis
1326 4083 1390 4146 suis
1409 4083 1615 4163 processibus
1639 4081 1810 4162 publicatis

251 4191 463 4254 concordiam
487 4200 520 4254 et
543 4191 744 4253 amicabilem
779 4191 1056 4271 composicionem
1092 4211 1165 4252 cum
1193 4189 1287 4254 dictis
1319 4191 1389 4253 dnis
1422 4189 1553 4271 prelatis
1587 4201 1620 4252 et
1645 4189 1809 4252 canonicis

252 4297 331 4360 10011
354 4298 468 4370 1010111,
492 4298 580 4380 quod
604 4299 658 4360 dni
682 4299 722 4360 de
745 4298 890 4379 capitulo
914 4297 1009 4360 Pozn.
1034 4299 1149 4380 viginti
1173 4317 1313 4372 marcas,
1338 4298 1441 4360 dictus
1457 4318 1535 4360 vero
1552 4297 1811 4378 dnusJohannes

251 4404 396 4467 Furman
421 4405 534 4468 decem
558 4426 655 4487 super
679 4405 796 4468 festum
820 4403 1056 4467 Purificacionis
1079 4405 1180 4468 Marie
1203 4407 1388 4485 proximum
1405 4405 1577 4467 occasione
1593 4414 1811 4485 proventuum

252 4513 463 4576 detentorum
487 4524 520 4576 et
545 4523 774 4595 perceptorum
799 4513 839 4574 de
863 4513 955 4575 dictis
979 4513 1170 4576 canonicatu
1195 4523 1228 4575 et
1251 4513 1416 4593 prebenda
1441 4512 1527 4574 dicto
1558 4512 1624 4574 dno
1648 4509 1811 4575 Stanislao

251 4619 331 4700 Epo
355 4619 481 4682 solvere
504 4619 688 4696 debebunt,
724 4622 778 4702 qui
802 4619 884 4681 dnus
908 4618 1087 4682 Stanislaus
1110 4619 1202 4700 Epus
1226 4620 1299 4694 iuri,
1334 4620 1360 4683 si
1385 4619 1473 4700 quod
1497 4619 1557 4681 sibi
1581 4621 1621 4682 de
1645 4619 1738 4680 dictis
1762 4637 1812 4679 ca-

253 4726 409 4790 nonicatu
434 4737 467 4789 et
491 4727 657 4808 prebenda
681 4728 862 4808 compeciit,
887 4737 920 4790 et
943 4727 1036 4790 dictis
1060 4727 1266 4808 processibus
1290 4727 1356 4789 suis
1379 4725 1524 4790 totaliter
1540 4725 1746 4798 renunciavit,
1770 4743 1809 4785 00

251 4833 362 4896 dictos
396 4833 480 4896 dnos
511 4834 654 4914 prelatos
686 4843 719 4897 et
750 4835 925 4896 canonicos
957 4843 990 4898 et
1019 4834 1139 4896 dictum
1170 4833 1269 4895 dnum
1296 4833 1477 4913 Johannem
1513 4831 1655 4894 Furman
1679 4831 1719 4896 de
1742 4851 1808 4892 non

250 4939 441 5021 repetendis
465 4941 558 5003 dictis
574 4940 728 5004 fructibus
744 4942 878 5004 retentis
895 4941 971 5004 dicti
987 4941 1196 5003 canonicatus
1213 4943 1410 5003 assecuravit
1426 4960 1554 5002 necnon
1578 4938 1809 5001 refutacionem

250 5046 499 5111 absolucionem
530 5058 563 5111 et
586 5059 717 5130 pactum
752 5047 828 5111 10011·
855 5058 888 5111 01
920 5048 1071 5129 quittavit
1102 5046 1142 5109 de
1170 5047 1302 5110 ulterius
1334 5067 1400 5109 non
1429 5047 1580 5130 petendo,
1605 5045 1810 5128 presentibus

251 5155 404 5218 discretis
434 5155 509 5217 viris
532 5154 631 5218 Paulo
655 5155 695 5217 dc
719 5153 828 5218 Srzem
853 5155 1034 5236 presbitero
1066 5165 1098 5218 et
1118 5153 1242 5234 Jacobo
1273 5153 1313 5214 de
1338 5151 1515 5216 Cosczelna
1547 5151 1710 5234 Wyeschs
1738 5171 1812 5214 con·

251 5273 403 5328 ventore.

366 5365 570 5452 36.(1.44).
601 5369 819 5432 Bohemorum
843 5405 887 5414 -
913 5368 999 5433 Ι10111
1035 5369 1207 5432 memorati
1239 5367 1294 5430 dni
1326 5367 1442 5450 prelati
1475 5376 1508 5430 et
1538 5365 1684 5428 canonici
1716 5386 1811 5448 mgro

251 5473 393 5540 Iohanni
421 5475 569 5540 Bohemo
602 5497 698 5540 unam
731 5497 873 5539 marcam
898 5487 931 5540 et
955 5477 1020 5539 dno
1045 5475 1231 5540 Venceslao
1262 5476 1353 5538 socio
1384 5495 1444 5538 suo
1468 5473 1593 5536 dandas
1617 5472 1685 5536 sore
1708 5474 1812 5537 decre·

158 5595 161 5600 '
253 5594 384 5648 verunt.
