4458 6356
949 551 1038 600 ANNI
1058 549 1138 604 1436.

268 647 356 653 —--
368 647 397 652 —-
411 647 628 653 ——-—-—-
642 646 914 652 —.----————--
985 642 1198 651 ....—..--·-——--

480 765 524 828 A.
555 766 645 844 1436,
665 765 737 846 Julii
760 783 782 844 9
803 765 828 846 ¹),
853 766 884 826 in
909 765 1052 845 capitulo
1076 765 1229 846 generali.

380 904 461 972 197.
488 908 523 986 (l.
546 907 629 987 175).
654 907 736 970 Item
752 907 871 968 ibidem
889 905 1003 969 honor.
1021 905 1119 968 dnum
1138 906 1340 969 Clementem
1359 907 1399 968 de
1417 906 1599 970 Drzewicza
1616 908 1657 968 ab
1675 909 1822 988 ingressu

267 1015 399 1096 capituli
424 1015 502 1076 inira
526 1015 600 1076 hinc
624 1025 657 1078 et
681 1014 798 1077 festum
824 1015 855 1076 b.
880 1013 1010 1076 Martini
1045 1013 1249 1076 Confessoris
1284 1014 1418 1094 gloriosi
1450 1035 1492 1076 ex
1516 1015 1613 1076 certis
1637 1011 1765 1099 [causis]
1791 1026 1823 1078 ct

267 1123 441 1202 signanter,
477 1122 555 1201 quia·
575 1121 702 1202 scripsit
734 1121 905 1184 nonnullas
938 1123 1061 1184 litteras
1092 1121 1302 1182 scandalosas
1334 1131 1446 1183 contra
1479 1121 1651 1184 nonnullos
1675 1122 1757 1184 dnos
1782 1123 1822 1184 de

267 1228 409 1310 capitulo
439 1230 504 1289 dno
534 1229 607 1309 Epo
639 1227 787 1302 Poznan.,
820 1229 1065 1310 suspenderunt,
1101 1229 1132 1288 in
1168 1247 1232 1308 quo
1264 1228 1406 1307 capitulo
1438 1229 1580 1308 generali
1615 1229 1691 1291 visis
1722 1229 1821 1309 ipsius

267 1337 388 1408 litteris,
414 1335 533 1420 [prout]
559 1337 603 1397 eis
627 1338 730 1398 visum
755 1335 855 1410 luerit,
880 1355 953 1397 cum
978 1335 1094 1396 eodem
1118 1335 1184 1396 dno
1209 1334 1378 1398 Clemente
1403 1333 1521 1398 sacient
1546 1346 1579 1398 et
1602 1337 1820 1398 cum‘eodem

268 1443 400 1518 adalia,
426 1444 451 1506 si
475 1464 559 1524 opus
583 1443 686 1528 fuerit,
711 1443 900 1524 procedent.

480 1619 524 1682 A.
555 1621 645 1700 1436,
670 1620 866 1683 Novembris
896 1636 942 1698 13,
966 1621 998 1680 in
1022 1619 1165 1699 capitulo
1190 1620 1341 1700 generali.

379 1759 461 1826 198.
486 1761 521 1842 (l.
552 1763 631 1844 178).
657 1761 936 1842 Compromissum
962 1761 1017 1823 dni
1041 1761 1182 1822 Furman
1207 1780 1279 1823 cum
1303 1761 1482 1823 vexillifero
1500 1761 1820 1824 Calisiensi.—-ltem

267 1869 384 1932 ibidem
410 1881 559 1932 strenuus
583 1881 615 1932 et
639 1869 837 1932 honorabilis
866 1870 924 1930 viri
948 1869 1002 1930 dni
1034 1869 1188 1931 Nicolaus
1213 1867 1369 1930 vexillifer
1393 1868 1577 1931 Calisiensis
1601 1879 1634 1931 et
1653 1869 1821 1948 Johannes

267 1976 407 2038 Furman
432 1979 607 2038 canonicus
631 1977 770 2038 Poznan.
796 1977 1010 2058 personaliter
1034 1977 1201 2038 constituti
1226 1976 1256 2036 in
1280 1996 1389 2038 vener.
1422 1977 1509 2038 viros
1540 1975 1623 2038 dnos
1648 1975 1820 2038 Nicolaum
1888 2006 1892 2016 ·

267 2085 306 2145 de
331 2083 442 2146 Gorka
467 2084 699 2158 cancellarium,
724 2104 850 2165 nigrum
882 2083 1154 2146 Strzeschkonem
1179 2093 1212 2145 et
1232 2083 1413 2162 Johannem
1438 2083 1478 2146 de
1501 2083 1697 2144 Twardowo
1721 2083 1820 2144 archi-

266 2191 435 2252 diaconum
460 2190 682 2253 Srzcmensem
707 2212 766 2271 pro
790 2205 823 2254 et
840 2211 936 2272 super
960 2191 1150 2272 quibusdam
1175 2191 1269 2272 agris,
1295 2192 1324 2250 in
1341 2190 1520 2254 hereditate
1543 2189 1724 2253 Potarszica
1748 2211 1819 2252 con-

266 2299 461 2368 sistentibus,
487 2319 571 2380 quos
595 2299 677 2360 dnus
696 2298 862 2378 Johannes
886 2299 1026 2360 Furman
1052 2299 1167 2360 asserit
1191 2297 1260 2359 lore
1283 2296 1419 2359 ecclesie
1442 2317 1500 2359 sue
1532 2298 1561 2358 in
1587 2297 1819 2380 Syedlemyno,

266 2405 306 2466 de
329 2406 396 2466 alto
421 2417 454 2468 et
477 2407 576 2468 basso
600 2407 893 2485 compromiserunt
917 2415 950 2468 et
974 2406 1105 2468 eosdem
1130 2407 1162 2466 in
1186 2405 1323 2467 arbitros
1348 2414 1380 2466 et
1406 2403 1526 2466 iudices
1551 2403 1727 2486 elegerunt,
1753 2427 1819 2488 quo

266 2515 503 2592 compromisso
528 2513 614 2575 laeto
638 2534 698 2594 pro
723 2513 895 2575 concordia
927 2513 1076 2574 habenda
1101 2523 1133 2574 et
1157 2511 1295 2576 testibus
1327 2531 1424 2592 super
1447 2512 1684 2574 intencionibus
1708 2533 1818 2574 eorum

267 2620 297 2679 in
321 2619 493 2682 crastinam
519 2621 603 2682 diem
628 2621 657 2682 b.
679 2620 806 2681 Nicolai
831 2619 1035 2683 Confessoris
1070 2621 1204 2702 gloriosi
1240 2621 1387 2700 proxime
1419 2620 1545 2681 venturi
1570 2621 1647 2700 ipsis
1670 2619 1820 2683 hincinde

266 2727 517 2808 deputaverunt;
553 2729 593 2790 ad
625 2749 723 2809 quem
754 2729 926 2792 terminum
951 2749 1013 2790 una
1037 2747 1109 2789 cum
1134 2727 1273 2789 testibus
1297 2727 1382 2788 dicte
1406 2736 1516 2806 partes
1540 2725 1734 2789 Poznaniam
1759 2729 1818 2790 sub

265 2835 448 2914 privacione
473 2835 631 2896 dictorum
656 2856 808 2916 agrorum
832 2837 940 2898 venire
965 2835 1093 2911 debent,
1126 2835 1274 2915 exceptis
1298 2835 1438 2914 ipsarum
1469 2836 1610 2914 parcium
1636 2834 1818 2897 infirmitati-

264 2941 324 3002 bus
347 2951 402 3002 aut
426 2941 495 3003 aliis
521 2942 671 3022 legitimis
703 2943 942 3024 impedimentis
967 2955 1000 3004 et
1024 2943 1191 3023 signanter
1214 2943 1241 3004 si
1265 2943 1295 3002 in
1321 2951 1478 3021 quantum
1503 2941 1646 3022 prefatus
1670 2942 1753 3005 dnus
1776 2943 1817 3005 N.

264 3047 421 3110 vexillifer
445 3051 588 3130 negociis
612 3049 666 3111 dni
690 3050 790 3130 Regis
813 3061 868 3112 aut
892 3049 1145 3111 consiliariorum
1170 3049 1277 3130 Regni
1301 3048 1395 3112 fuerit
1427 3049 1623 3130 prepeditus,
1655 3049 1696 3110 ad
1721 3070 1818 3132 quem

265 3156 436 3216 terminum
462 3157 493 3217 in
518 3156 602 3229 casu,
628 3177 694 3238 quo
718 3157 826 3218 venire
851 3177 916 3218 non
941 3158 1072 3238 poterit,
1095 3157 1126 3217 id
1151 3157 1216 3218 dno
1236 3153 1375 3236 Johanni
1400 3155 1541 3218 Forman
1567 3157 1713 3219 intimare
1729 3167 1816 3220 tene-

266 3275 344 3334 atur,
370 3275 402 3325 et
426 3265 458 3324 in
482 3284 566 3336 casu,
592 3285 655 3344 quo
680 3285 778 3325 unum
802 3263 854 3326 vel
878 3265 960 3326 duos
984 3264 1147 3326 absentari
1170 3264 1348 3344 contingat,
1385 3273 1506 3326 extunc
1530 3263 1603 3324 loco
1628 3264 1815 3326 absencium

264 3369 322 3430 sibi
347 3389 443 3431 unum
468 3381 523 3432 aut
547 3371 629 3433 duos
652 3373 692 3432 ad
718 3371 981 3452 pertractandum
1006 3391 1135 3432 causam
1160 3371 1296 3432 eandem
1320 3391 1485 3433 assumere
1509 3370 1639 3452 poterit.

374 3473 458 3541 199.
490 3477 525 3558 (l.
556 3479 652 3558 178⁰).
685 3478 765 3541 ltem
792 3479 909 3540 ibidem
934 3499 1040 3541 vener.
1064 3479 1151 3540 viros
1180 3479 1263 3540 dnos
1291 3477 1448 3540 Mathiam
1482 3477 1572 3558 Drya
1603 3478 1761 3539 decanum
1786 3487 1819 3540 et

264 3582 433 3645 Nicolaum
462 3595 629 3646 cantorem
649 3607 761 3648 versus
779 3597 887 3666 partes
910 3585 1097 3646 Mazovie
1120 3585 1160 3646 ad
1186 3585 1283 3646 dnum
1304 3584 1412 3665 Epum
1433 3584 1571 3646 Poznan.
1597 3585 1698 3646 ituros
1722 3585 1819 3666 depu⁴

263 3681 419 3764 taverunt,
445 3693 498 3772 qui
522 3691 625 3754 eidem
650 3693 716 3754 dno
741 3693 813 3774 Epo
838 3693 954 3766 dicant,
986 3703 1021 3755 ut
1050 3693 1091 3754 ad
1123 3692 1240 3754 lestum
1271 3693 1302 3754 b.
1332 3692 1432 3754 Lucie
1466 3691 1598 3772 virginis
1634 3693 1817 3772 proximum

264 3797 305 3858 ad
330 3797 497 3859 ecclesiam
522 3801 638 3862 veniat.

475 3974 518 4036 A.
549 3977 639 4054 1436,
664 3976 860 4039 Novembris
890 3995 936 4055 14,
960 3979 992 4038 in
1014 3976 1158 4060 capitulo
1182 3977 1335 4059 generali.

368 4111 456 4182 299.
481 4117 512 4196 (l.
542 4119 640 4198 178⁰).
666 4119 747 4180 ltem
771 4119 890 4182 ibidem
914 4120 1133 4194 decreverunt,
1159 4119 1247 4201 quod
1271 4139 1379 4204 vener.
1403 4137 1483 4199 mgr.
1509 4115 1704 4180 Strzeschko
1721 4118 1816 4181 saciat

261 4223 423 4284 racionem
447 4245 519 4285 cum
544 4227 806 4306 procuratoribus
831 4226 943 4288 suturis
967 4249 1026 4309 pro
1050 4229 1116 4302 viis,
1149 4248 1228 4308 quas
1253 4226 1327 4288 lecit
1351 4226 1392 4287 ad
1423 4226 1739 4288 convenciones
1764 4245 1817 4287 no·

261 4330 345 4389 mine
362 4331 500 4411 capituli,
526 4343 558 4394 et
582 4333 734 4414 pecuniis
759 4354 822 4414 qua
846 4336 975 4396 racione
999 4335 1084 4398 facta
1106 4337 1139 4396 in
1162 4335 1313 4397 censibus
1336 4333 1411 4396 ville
1431 4331 1567 4394 Kiczino
1583 4353 1629 4404 ea,
1654 4353 1717 4412 que
1733 4333 1816 4395 inve·

261 4437 374 4515 nerint,
398 4437 578 4502 defalcabit.

368 4539 455 4607 291.
481 4545 515 4624 (l.
546 4547 627 4626 179).
664 4547 745 4609 ltem
780 4550 898 4610 ibidem
929 4547 1044 4611 honor.
1075 4549 1178 4611 virum
1211 4549 1309 4610 dnum
1343 4547 1516 4610 Albertum
1540 4548 1581 4609 de
1604 4547 1813 4628 Jaroschewo

259 4649 513 4712 archidiaconum
538 4653 762 4717 Pczewensem
785 4657 826 4717 ad
843 4657 1084 4736 possessionem
1102 4655 1174 4717 ville
1194 4655 1367 4734 Janicova,
1393 4655 1479 4716 nullo
1497 4655 1709 4736 discrepante,
1726 4655 1813 4717 resti·

261 4767 398 4832 tuerunt,
423 4759 496 4820 siin
514 4771 669 4840 quantum
686 4784 792 4826 vener.
810 4785 890 4845 mgr.
908 4763 1103 4826 Vincencius
1127 4761 1259 4824 Electus
1283 4761 1484 4824 Gneznensis
1501 4763 1541 4823 ad
1558 4761 1589 4822 id
1606 4763 1814 4834 consenserit,

261 4866 339 4928 etin
358 4887 442 4940 casu,
467 4889 530 4948 quo
548 4867 652 4931 lacere
676 4869 786 4940 nollet,
812 4883 931 4934 extunc
956 4881 1032 4952 post
1056 4871 1276 4952 provisionem
1301 4869 1445 4932 eiusdem
1469 4869 1522 4931 dni
1547 4869 1650 4932 Electi
1674 4869 1811 4932 eandem

262 4973 450 5052 possidebit.

474 5149 517 5212 A.
549 5154 640 5233 1436,
666 5152 862 5216 Novembris
891 5167 937 5234 15,
962 5155 992 5216 in
1018 5154 1160 5233 capitulo
1184 5155 1336 5235 generali.

368 5289 454 5357 292.
480 5295 515 5372 (l.
546 5295 627 5378 179).
653 5295 732 5358 Item
758 5296 874 5357 ibidem
899 5291 1007 5360 vener.
1032 5299 1118 5360 viros
1145 5298 1228 5359 dnos
1252 5298 1407 5361 Mathiam
1424 5297 1514 5376 Drya
1538 5296 1694 5356 decanum
1712 5307 1744 5357 et
1762 5296 1812 5357 Ni-

260 5399 385 5462 colaum
403 5411 569 5463 cantorem
586 5423 713 5464 versum
731 5405 862 5484 opidum
887 5403 991 5466 Colo
1015 5405 1055 5466 ad
1080 5407 1413 5468 convencionem
1439 5406 1539 5467 ituros
1564 5404 1810 5484 deputaverunt.

369 5609 386 5678 ¹)
407 5611 474 5661 Data
494 5629 516 5660 w
535 5613 665 5678 oryginale
685 5614 774 5664 brzmi:
797 5615 845 5664 11),
866 5613 937 5662 Lune
956 5623 1045 5662 octava
1065 5630 1097 5664 m.
1118 5613 1202 5665 Iulii«.
