4416 6366
807 545 987 598 ANNORUM
1009 544 1193 600 1487-1489.

443 759 486 822 A.
516 759 614 838 1488,
638 759 718 822 Iunii
744 776 794 839 30,
818 761 848 822 in
873 759 1015 842 capitulo
1040 761 1192 843 generali.

338 917 424 986 790.
449 919 518 1002 (IV.
541 921 620 1002 130).
638 919 761 983 Ibidem
777 920 832 983 dni
848 897 1087 1002 deputaverunt
1103 923 1143 984 ad
1165 922 1543 986 convencionem
1566 923 1785 1004 Pyotrko-

231 1051 259 1090 w
272 1030 281 1090 i
294 1050 312 1090 e
326 1049 345 1089 n
360 1048 375 1090 s
388 1049 407 1090 e
421 1048 452 1090 m
476 1028 560 1090 dnos
575 1027 686 1091 Adam
702 1028 871 1104 decanum,
891 1029 1062 1091 Nicolaum
1079 1030 1119 1092 de
1136 1029 1254 1092 Scudla
1270 1029 1531 1092 archidiaconum
1548 1029 1784 1107 Srzemensem,

230 1135 406 1199 Iohannem
431 1135 471 1198 de
495 1135 645 1198 Lukowo
669 1135 895 1200 cancellarium
919 1146 952 1199 et
976 1136 1153 1200 Iohannem
1178 1135 1363 1218 Grilewsky
1387 1137 1588 1200 canonicum.

432 1389 488 1462 A.
519 1399 617 1480 1488,
641 1399 709 1462 lulii
735 1400 798 1482 8¹),
822 1399 854 1462 in
878 1401 1031 1482 capitulo.

338 1556 424 1626 791.
452 1561 520 1642 (IV.
550 1561 647 1640 131⁰).
673 1561 796 1623 Ibidem
820 1561 902 1624 dnus
926 1561 1120 1625 Wladislaus
1145 1563 1348 1624 decretorum
1366 1561 1490 1635 doctor,
1514 1562 1555 1624 ab
1572 1583 1644 1636 una,
1668 1563 1786 1626 nobilis

230 1666 408 1731 Stanislaus
432 1667 671 1750 Pyrzchensky,
695 1669 737 1730 ab
761 1667 861 1731 altera
886 1669 1040 1749 partibus,
1065 1689 1163 1750 super
1186 1670 1351 1732 cuiusdam
1369 1669 1477 1731 Iacobi
1494 1669 1622 1733 sculteti
1639 1670 1680 1733 de
1696 1669 1785 1734 Gora

229 1775 269 1837 ad
282 1776 391 1838 villam
404 1775 606 1838 Goluchowo
620 1775 763 1839 violenta
775 1777 961 1857 receptione
970 1775 993 1856 ²)
1010 1797 1069 1858 per
1082 1777 1222 1839 medium
1237 1778 1373 1840 duorum
1386 1777 1484 1839 talem
1498 1777 1581 1838 inter
1592 1797 1629 1840 se
1641 1777 1786 1843 lecerunt

229 1884 521 1964 composicionem,
546 1883 634 1966 quod
658 1883 808 1946 videlicet
832 1885 862 1946 in
887 1885 990 1965 prIma
1021 1887 1347 1949 convencione
1374 1885 1417 1945 in
1442 1882 1621 1946 Srzoda
1645 1884 1785 1949 celebra·

229 2000 300 2054 tura
325 1990 439 2072 prefati
464 1991 518 2052 dni
543 1990 736 2052 Wladislaus
758 1991 874 2054 doctor
898 2003 931 2054 et
955 1990 1134 2054 Stanislaus
1156 1991 1387 2073 Pyrzchensky
1404 2012 1514 2054 coram
1531 1993 1602 2055 dnis
1619 2013 1786 2074 exponere

229 2097 350 2159 debent
374 2117 483 2160 casum
509 2099 647 2160 eundem
672 2098 868 2178 receptionis
892 2109 926 2162 et
951 2100 1128 2181 requirere,
1153 2119 1193 2160 an
1219 2120 1276 2180 per
1299 2099 1435 2161 eandem
1459 2101 1681 2180 receptionem
1698 2101 1783 2164 lacta

230 2215 280 2266 est
303 2204 461 2268 violencia
485 2205 551 2266 dno
576 2205 703 2268 doctori
726 2215 759 2268 et
783 2226 823 2268 an
848 2207 972 2269 restitui
1007 2205 1127 2269 debeat
1150 2207 1235 2270 idem
1259 2208 1426 2269 scultetus.
1473 2205 1517 2270 Et
1548 2207 1699 2288 quicquid
1730 2207 1786 2269 dni

229 2312 271 2374 ibi
296 2312 513 2384 decreverint,
538 2323 648 2393 partes
672 2312 846 2376 observare
870 2315 1076 2376 tenebuntur.
1104 2313 1201 2394 Quod
1225 2315 1252 2377 si
1275 2313 1358 2376 dnus
1382 2312 1611 2395 Pyrzchensky
1635 2317 1667 2376 in
1691 2335 1787 2376 con·

230 2419 465 2482 vencione
490 2417 761 2495 Srzedeusi,
786 2441 849 2502 que
874 2421 1076 2508 primaerit,
1101 2431 1134 2484 et
1158 2441 1256 2502 super
1280 2441 1318 2483 ea
1341 2442 1375 2483 re
1399 2420 1601 2483 dominorum
1619 2421 1785 2485 decretum

230 2546 296 2587 non
313 2525 484 2600 habuerit,
509 2538 631 2590 extunc
655 2528 725 2608 ipse
750 2528 832 2592 dnus
857 2529 1053 2592 WladIslaus
1078 2529 1194 2591 doctor
1218 2550 1278 2609 pro
1302 2528 1418 2591 eodem
1442 2528 1563 2591 lacobo
1587 2529 1727 2592 sculteto
1744 2529 1785 2591 de

230 2631 318 2696 Gora
341 2645 473 2715 recepto
497 2634 631 2700 habebit
657 2636 688 2698 in
712 2637 778 2698 iure
802 2637 958 2717 spirituali
982 2637 1160 2711 actionem,
1185 2637 1226 2699 ad
1250 2657 1346 2718 quam
1370 2657 1405 2700 se
1431 2637 1515 2699 idem
1540 2637 1656 2700 nobilis
1680 2635 1785 2700 511111-

230 2739 315 2804 slaus
340 2741 570 2825 Pyrzchensky
595 2743 694 2806 libere
718 2744 876 2807 submisit.

443 3005 484 3067 A.
514 3008 612 3085 1488,
637 3007 832 3071 Novembris
862 3025 913 3082 12,
938 3009 970 3069 in
993 3007 1136 3090 capitulo
1160 3007 1314 3090 generali.

340 3163 424 3231 792.
450 3167 517 3246 (IV.
546 3168 643 3249 134⁰).
673 3167 949 3250 Capitulum
978 3169 1207 3250 generale
1231 3189 1290 3249 pro
1314 3167 1400 3231 festo
1424 3167 1454 3230 b.
1479 3168 1609 3231 Martini
1634 3169 1675 3232 de
1698 3189 1784 3232 anno

233 3273 287 3334 dni
321 3272 717 3338 MCCCCLXXXVIII..
748 3275 869 3340 Vener.
900 3276 954 3338 dni
984 3275 1092 3338 Adam
1125 3274 1165 3337 de
1198 3275 1397 3338 Dambrowa
1431 3276 1588 3349 decanus,
1624 3276 1786 3340 Iohannes

230 3380 270 3441 de
294 3378 419 3442 Goslub
443 3381 647 3444 decretorum
672 3383 789 3447 doctor
812 3383 1057 3446 archidiaconus
1080 3382 1231 3455 Poznan,
1264 3383 1418 3444 Nicolaus
1449 3383 1490 3445 de
1514 3382 1648 3458 Scudla,
1680 3384 1786 3446 decre·

231 3498 338 3550 torum
376 3488 501 3562 doctor,
537 3486 751 3563 Srzemensis,
786 3490 985 3554 Vincencius
1020 3491 1060 3552 de
1095 3488 1298 3552 Strzalkowo
1331 3489 1532 3552 Pczewensis
1562 3489 1786 3564 archidiaconi,

230 3594 382 3658 Andreas
407 3596 447 3658 de
471 3595 654 3676 Rogalyno.
680 3597 841 3660 lohannes
865 3599 906 3660 de
929 3597 1084 3680 Popowo,
1110 3597 1234 3660 Hector
1257 3596 1298 3659 de
1323 3595 1545 3678 Cozyemyno,
1571 3597 1724 3660 Nicolaus
1745 3597 1786 3660 de

231 3700 347 3775 Czacz,
386 3701 581 3765 Wladislaus
616 3703 657 3767 de
692 3705 853 3767 Poznania
884 3704 1088 3768 decretorum
1122 3706 1246 3778 doctor,
1281 3705 1439 3767 Martinus
1474 3704 1515 3766 de
1548 3703 1784 3785 Nyechanowo

230 3808 434 3871 decretorum
459 3809 583 3884 doctor,
607 3811 765 3874 Martinus
790 3813 830 3874 de
854 3813 1067 3888 Dambrowa,
1092 3812 1250 3876 Albertus
1274 3812 1314 3875 de
1338 3810 1442 3881 Gora,
1467 3811 1629 3874 Iohannes
1650 3811 1691 3874 de
1707 3809 1786 3892 Gry·

229 3915 320 3989 lewo,
345 3916 498 3980 Andreas
523 3917 564 3980 de
589 3917 801 3994 Goluchowo,
839 3919 1025 4002 Stephanus
1057 3921 1097 3982 de
1120 3917 1255 3992 Scudla,
1291 3919 1454 3981 Iohannes
1487 3920 1527 3980 de
1555 3917 1652 3992 Orle,
1688 3918 1786 4001 Sigis-

230 4023 369 4086 mundus
401 4023 441 4086 de
474 4024 721 4106 Camyenyecz,
752 4027 904 4090 Andreas
936 4029 977 4090 de
1001 4026 1177 4109 Czyeslye,
1210 4027 1408 4088 Laurencius
1432 4025 1654 4106 Grodziczsky
1678 4026 1786 4089 decre-

229 4140 336 4193 torum
362 4131 485 4206 doctor,
517 4131 656 4196 Iacobus
681 4135 721 4195 de
745 4135 886 4196 Boxicze
910 4135 1114 4197 decretorum
1140 4133 1264 4208 doctor,
1289 4133 1451 4197 Iohannes
1475 4134 1515 4195 de
1539 4133 1785 4205 Brzosthlrowo,

229 4237 479 4300 Bartholomeus
503 4240 543 4302 de
567 4240 840 4322 Krzyzanowicze
864 4242 980 4322 prelati
1004 4252 1037 4306 et
1061 4243 1177 4304 canoni
1198 4240 1333 4304 ecclesie
1349 4239 1615 4303 Poznaniensis..
1632 4239 1785 4321 capitula-

228 4346 307 4407 riter
330 4348 529 4428 congregati.

442 4608 485 4673 A.
516 4614 614 4690 1489,
639 4611 845 4694 Septembris
873 4629 922 4694 30,
946 4614 978 4675 in
1003 4612 1155 4694 capitulo.

339 4768 426 4836 793.
459 4772 527 4851 (IV.
557 4772 630 4853 142)
645 4817 674 4834 ..
709 4771 828 4835 Vener.
857 4773 911 4835 dni
936 4773 1078 4836 decanus
1102 4771 1315 4835 Srzemensis,
1339 4773 1538 4836 Pczewensis
1561 4771 1786 4846 archidiaconi,

228 4878 444 4960 Rogalinsky,
470 4879 602 4952 Hector,
627 4880 819 4954 Marticzka,
850 4881 1024 4954 Martinus,
1056 4879 1259 4962 Stephanus,
1284 4879 1524 4962 Sigismundus,
1549 4877 1785 4960 Grodzyczsky

227 4986 467 5067 deputaverunt
491 5007 597 5049 vener.
615 4987 697 5050 dnos
714 4987 884 5050 Nicolaum
910 4987 950 5049 de
966 4986 1085 5051 Scudla
1109 4997 1142 5050 et
1165 4987 1344 5049 Iohannem
1369 4986 1409 5048 de
1433 4985 1583 5048 Lukowo
1606 4985 1647 5048 ad
1671 4987 1786 5048 sino-

228 5093 328 5156 dum
352 5095 708 5174 provincialem
737 5095 1116 5166 Lanciciensem,
1149 5095 1267 5176 quibus
1291 5113 1352 5176 pro
1376 5095 1530 5174 expensis
1554 5093 1620 5156 dno
1644 5093 1785 5156 Martino

228 5201 270 5264 de
294 5199 493 5262 Darnbrowa
517 5202 661 5283 ipsorum
685 5202 886 5284 procuratori
910 5222 968 5283 per
991 5222 1051 5265 sex
1075 5221 1199 5264 marcas
1223 5201 1300 5265 dare
1324 5201 1567 5264 mandaverunt.

230 5377 354 5386 ——m

337 5497 355 5560 ¹)
374 5499 442 5548 Data
463 5517 484 5548 w
503 5499 651 5564 orygiuule:
675 5500 740 5549 »Die
759 5499 866 5551 Veneris
885 5501 984 5551 decima
1004 5516 1072 5550 nona
1091 5500 1164 5549 Iulii«
1184 5500 1233 5565 jest
1252 5499 1345 5566 mylna.

338 5585 357 5658 ²)
378 5585 440 5639 Cod.
461 5587 586 5639 violenter
605 5589 719 5657 receptis.
