4390 6368
437 598 499 644 212

967 583 1060 632 ACTA
1079 583 1240 632 CAPITULl
1262 579 1516 632 POZNANffiNsts

599 675 657 680 n—
722 677 748 680 --
802 677 857 682 —...
863 677 871 682 .
1650 673 1659 678 -
1685 673 1757 678 -.—-.-
1769 671 1987 678 —-——

435 796 546 876 vigore
569 807 658 856 certe
682 794 842 857 facultatis
877 818 975 876 super
1005 793 1178 858 collatione
1213 809 1376 856 certorum
1410 773 1640 856 beneficiorum
1665 793 1696 854 in
1720 793 1818 863 certis
1842 791 1986 854 ecclesiis

435 902 725 964 cathedralibus..
751 925 809 983 per
843 902 962 964 Sedcm
999 902 1120 982 Apost.
1157 902 1216 964 Mti
1251 923 1308 964 sue
1343 922 1559 963 concesse..
1587 901 1750 982 requisivit
1788 909 1821 960 et
1855 899 1988 970 monuit,

435 1010 585 1090 quatinus
618 1010 723 1090 ipsum
760 1009 858 1070 dnum
895 1013 1097 1092 prepositum
1132 1009 1290 1089 prefatum
1316 1009 1419 1069 ..ad
1458 1009 1685 1070 canonicatum
1721 1017 1754 1069 et
1789 1005 1988 1088 prebendam

435 1115 573 1178 Poznan.
609 1127 686 1196 post
722 1125 860 1177 mortem
896 1118 973 1178 olim
998 1117 1050 1178 dni
1082 1114 1211 1178 Alberti
1246 1115 1480 1196 Palroslawslry
1505 1164 1533 1177 ..
1557 1125 1711 1176 vacantes
1747 1114 1989 1194 reciperent..

435 1221 629 1304 Quiquidem
655 1223 708 1284 dni
733 1224 810 1302 ipsis
836 1222 949 1286 litteris
974 1235 1160 1285 reverenter
1183 1225 1344 1302 susceptis
1368 1223 1409 1284 ad
1435 1222 1481 1283 VI
1505 1222 1573 1283 dies
1597 1243 1632 1283 se
1656 1220 1715 1282 illis
1739 1219 1906 1282 deliberati
1930 1233 1990 1282 res·

435 1349 596 1410 ponsuros
620 1330 808 1391 obtulerunt
834 1379 861 1392 ..
887 1329 1080 1392 Tandem..
1106 1331 1150 1392 XI
1176 1350 1216 1390 m.
1240 1329 1318 1390 lunii
1336 1378 1342 1390 .
1357 1378 1363 1390 .
1380 1349 1487 1390 vener.
1514 1329 1568 1390 dni
1592 1329 1750 1390 Martinus
1774 1325 1988 1407 Rambyesky

435 1436 592 1508 decanus,
614 1435 793 1497 Auzelmus
817 1445 945 1506 cantor,
971 1437 1132 1498 lohannes
1157 1437 1349 1516 Rydzinslry
1373 1437 1580 1508 scolasticuS,
1611 1434 1773 1496 Iohannes
1797 1431 1990 1514 Byesdrow·

435 1543 497 1621 sky
521 1541 733 1614 Srzemensis,
758 1543 918 1605 lohannes
943 1543 1159 1624 Slawycnslry
1185 1543 1373 1604 Pczcvensis
1397 1543 1628 1614 archidiaconi,
1651 1541 1802 1604 Andreas
1819 1539 1989 1620 Czyesyel·

435 1651 498 1729 slry
522 1649 744 1721 cancellarius,
781 1651 840 1710 lob
865 1651 1102 1732 Roszlrowslry,
1138 1650 1379 1732 Sigismundus,
1413 1649 1567 1712 Nicolaus
1591 1648 1726 1730 Oleslry,
1757 1647 1903 1710 Thomas
1926 1645 1990 1708 Go-

435 1758 652 1836 czallrowslry,
688 1757 849 1819 lohannes
885 1757 1067 1838 Lanczslry,
1102 1756 1281 1820 Stauislaus
1317 1755 1514 1836 Goreczslry,
1555 1755 1707 1818 Andreas
1742 1755 1989 1833 Naramowslry,

435 1865 595 1926 Iohannes
619 1865 850 1944 Charbowsky
873 1865 1077 1927 decretorum
1102 1865 1217 1926 doctor
1240 1863 1383 1926 officialis
1407 1874 1440 1926 et
1464 1864 1616 1934 vicarius,
1646 1863 1758 1924 Petrus
1783 1859 1990 1941 Gunyczslry‚

437 1972 600 2036 lohannes
624 1972 843 2052 Rybyenslry,
880 1971 1031 2033 Andreas
1056 1971 1278 2052 Grodziczslry
1313 1972 1429 2032 doctor
1453 1971 1628 2044 medicine,
1664 1968 1827 2031 Iohannes
1851 1967 1989 2046 Volslry,

435 2079 588 2141 Nicolaus
612 2078 734 2160 Migdal
758 2078 1063 2158 Domanykowslry,
1089 2077 1280 2140 Valentinus
1305 2077 1494 2157 Cucharslry
1512 2089 1544 2139 et
1562 2076 1719 2138 Martinus
1743 2075 1989 2155 Swyacziczslry

436 2187 549 2267 prelati
573 2197 606 2248 et
630 2187 775 2246 canonici
799 2186 934 2246 ecclesie
961 2183 1097 2246 Poznan.
1122 2186 1234 2264 vigore
1259 2185 1514 2265 supradictarum
1546 2184 1722 2244 litterarum
1749 2203 1806 2263 per
1830 2181 1990 2261 prelatum

435 2292 543 2354 Rdum
568 2303 695 2372 patrem
720 2293 818 2354 dnum
843 2292 1011 2354 Andrean]
1048 2291 1220 2371 Crziczslry
1245 2293 1444 2371 prepositum
1470 2303 1504 2352 et
1528 2290 1605 2354 sede
1629 2300 1766 2352 vacante
1790 2289 1991 2350 administra·

436 2409 540 2461 torem
565 2399 702 2460 ecclesie
726 2398 865 2460 Poznan.
891 2399 1009 2461 ibidem
1042 2399 1255 2480 personaliter
1286 2399 1498 2460 constitutum
1523 2447 1549 2462 ..
1575 2397 1719 2478 requisiti
1744 2445 1771 2458 ..
1795 2395 1934 2456 eundem
1959 2395 1988 2455 in

435 2509 628 2568 canonicum
653 2507 792 2568 l'oznan.
818 2506 858 2567 ad
884 2507 1048 2588 predictos
1071 2507 1299 2568 canonicatum
1323 2515 1356 2566 ct
1380 2505 1579 2586 prebendam
1605 2553 1631 2568 ..
1658 2513 1850 2584 receperunt
1874 2551 1902 2563 ..

650 2733 691 2795 A.
721 2747 819 2814 1520,
843 2731 925 2795 Iunii
952 2751 986 2812 3,
1011 2733 1179 2796 Poznanie.

548 2871 780 2956 1085.(V111.
812 2875 906 2954 117⁰).
942 2875 1003 2937 Die
1028 2875 1198 2938 Dominica
1234 2877 1306 2940 lesti
1331 2899 1354 2939 s.
1379 2875 1598 2940 Trinitatis..
1624 2878 1742 2940 funeris
1778 2877 1892 2957 prelati
1917 2875 1991 2937 Rmi

435 2983 489 3044 dni
512 2983 574 3062 Epi
599 2982 794 3062 Lubransky
818 3003 890 3042 curn
915 2981 1025 3044 debita
1049 2983 1292 3046 honorificentia
1310 3005 1368 3063 pro
1386 2985 1570 3046 conditione
1588 2983 1727 3046 humana
1744 2983 1831 3045 clero
1849 2985 1990 3045 omnium

434 3089 641 3152 ecclesiarum
666 3100 699 3151 et
724 3089 978 3152 fraternitatibus
1002 3091 1152 3153 omnibus
1176 3093 1260 3152 circa
1284 3091 1448 3154 civitatem
1473 3093 1610 3153 l’oznan.
1635 3090 1851 3154 existentibus
1875 3110 1992 3152 convo·

438 3197 519 3259 catis
545 3197 829 3277 processionaliter
859 3197 890 3257 in
914 3197 1083 3259 ecclesiam
1117 3197 1214 3262 delati
1250 3201 1340 3260 iuxta
1375 3219 1501 3260 currum
1537 3218 1609 3259 cum
1641 3197 1692 3262 IV
1724 3197 1816 3279 equis
1853 3207 1990 3266 euntem,

436 3304 565 3366 tandem
601 3305 855 3385 sepultura
890 3306 1035 3366 eiusdem
1071 3305 1159 3367 iuxta
1194 3305 1377 3366 columnam
1403 3307 1433 3366 in
1458 3307 1587 3368 sinistra
1622 3317 1715 3385 parte
1746 3305 1883 3367 ecclesie
1917 3315 1991 3366 ante

435 3412 591 3473 ciborium
616 3422 746 3491 peracta
770 3422 835 3483 cst,
868 3411 1052 3492 cuiquidcrn
1077 3413 1241 3492 sepulture
1265 3412 1474 3474 interfuerunt
1498 3433 1606 3474 vener.
1632 3413 1685 3474 dni
1711 3411 1863 3474 Andreas
1889 3411 1991 3474 Cricz-

435 3517 497 3596 slry
522 3519 723 3598 preposituS‚
748 3517 926 3580 Anzelmus
951 3531 1081 3594 cantor,
1107 3519 1312 3598 Rydzynslry
1337 3519 1546 3588 scolasticus,
1571 3519 1729 3580 Iohannes
1746 3517 1991 3598 Byesdrowslry

434 3621 647 3698 Srzemensis,
672 3624 834 3687 Iohannes
858 3623 1077 3706 Slawyenslry
1102 3625 1304 3696 Pczevcnsis,
1331 3625 1493 3688 lohannes
1511 3627 1725 3706 hlrolrowslry
1741 3625 1988 3688 Varszoviensis

435 3731 665 3810 archidiaconi,
704 3732 856 3794 Andreas
880 3731 1106 3813 Czyesyclslry
1139 3733 1364 3806 cancellarius,
1401 3731 1466 3794 Iob
1493 3734 1731 3814 Roszlrowslry,
1758 3731 1991 3814 Sigismundus,

435 3837 589 3900 Nicolaus
614 3836 748 3918 Oleslry,
772 3838 918 3902 Thomas
942 3840 1213 3920 Goczalkowslry.
1239 3839 1402 3902 lohannes
1425 3841 1605 3920 lrauczslry,
1631 3841 1783 3903 Andreas
1808 3840 1993 3901 Naramow·

435 3945 506 4026 slry,
531 3945 692 4008 Iohannes
718 3945 945 4026 Charbowslry
970 3949 1174 4008 decretorum
1200 3947 1326 4026 doctor,
1349 3947 1462 4010 Petrus
1487 3947 1695 4029 Gunyczslry,
1720 3947 1874 4008 Nicolaus
1892 3945 1992 4008 Iacto·

435 4053 577 4132 rowsky,
601 4053 762 4116 lohannes
787 4055 1003 4134 Rybyenslry,
1038 4053 1190 4116 Andreas
1224 4053 1454 4134 Grodziczslry,
1491 4054 1671 4118 Stanislaus
1695 4054 1736 4116 de
1761 4053 1922 4116 Strzelcze
1944 4052 1993 4113 de

435 4171 596 4221 cretorum
620 4161 752 4232 doctor,
788 4160 951 4222 Iohannes
976 4161 1117 4246 Volsky,
1154 4161 1307 4224 Nicolaus
1341 4163 1482 4244 bligdal,
1518 4163 1711 4224 Valentinus
1746 4159 1938 4240 Cucbarslry
1959 4170 1993 4221 et

435 4266 592 4328 Martinus
616 4265 862 4348 Swyacziczslry
887 4267 1038 4339 infirmus
1063 4269 1179 4349 prelati
1203 4279 1236 4330 et
1260 4270 1405 4330 canonici
1430 4269 1565 4330 ecclesie
1591 4267 1726 4330 Poznan.

547 4405 658 4472 1086.
683 4408 800 4489 (Ibid.).
835 4409 984 4472 Tandem
1010 4411 1124 4491 prelati
1151 4412 1204 4472 dni
1229 4412 1338 4473 statim
1371 4421 1447 4491 post
1470 4411 1613 4488 debitam
1646 4410 1763 4472 funeris
1788 4409 1818 4470 in
1843 4409 1991 4491 sepulcro

435 4516 669 4594 repositionem
704 4517 915 4596 capitularem
952 4517 1058 4579 locum
1093 4529 1285 4580 consuetum
1325 4519 1523 4580 intraverunt
1547 4527 1579 4580 et
1604 4518 1644 4578 ad
1682 4535 1799 4579 sonum
1836 4535 1991 4596 campane

435 4623 565 4684 maioris
589 4634 825 4695 convenerunt,
853 4624 905 4684 ubi
931 4624 1021 4686 Rdus
1046 4624 1128 4686 dnus
1152 4669 1180 4687 ..
1210 4624 1362 4686 Andreas
1395 4624 1549 4705 Criczslry
1574 4626 1761 4704 prepositus
1786 4623 1923 4685 Poznan.
1945 4634 1989 4685 ta·

434 4727 516 4790 libus
541 4729 648 4790 verbis
671 4749 785 4792 omnes
809 4729 1001 4811 alloquitur:
1041 4731 1124 4792 »Dni
1148 4731 1210 4793 mei
1235 4741 1268 4793 et
1296 4731 1411 4794 fratres
1443 4731 1611 4802 carissimi,
1647 4742 1824 4811 postquam
1850 4731 1895 4793 uti
1918 4729 1988 4791 Deo

434 4837 559 4916 optimo
584 4837 719 4916 placuit,
745 4837 916 4918 pontifice,
940 4839 1045 4918 capite
1069 4849 1102 4900 et
1127 4839 1252 4919 prelato
1270 4849 1382 4901 nostro
1400 4841 1515 4918 privati
1532 4858 1659 4910 sumus,
1685 4839 1734 4898 cui
1758 4839 1820 4898 iam
1846 4837 1988 4900 ultimum

433 4943 576 5032 debitum
602 4943 740 5005 officium
767 4947 967 5025 peregimus
992 4947 1200 5026 cogitandum
1225 4947 1319 5006 nobis
1344 4957 1403 5019 est,
1428 4967 1468 5007 ne
1494 4945 1630 5006 ecclesia
1654 4956 1787 5026 pastore
1811 4965 1872 5006 suo
1897 4943 1989 5006 desti·

432 5060 501 5112 tuta
526 5052 556 5112 in
580 5052 859 5114 administratione
884 5054 1093 5132 spiritualium
1118 5065 1151 5115 et
1175 5053 1401 5134 temporalium
1426 5053 1625 5134 negligatur,
1651 5053 1701 5113 cui
1725 5061 1759 5114 ut
1783 5073 1824 5114 eo
1848 5069 1988 5113 commo

432 5159 503 5220 dius
526 5159 729 5231 consulatur,
765 5161 892 5222 interim
917 5161 994 5220 sede
1019 5172 1155 5222 vacante
1187 5160 1355 5240 eligendus
1381 5172 1495 5222 estex
1520 5161 1615 5222 nobis
1639 5181 1737 5234 unus,
1773 5161 1826 5239 qui
1851 5159 1987 5221 officium

430 5264 716 5327 administrationis
740 5268 955 5328 necessarium
981 5267 1088 5328 subire
1110 5279 1307 5329 erexercere
1333 5269 1374 5328 sit
1397 5269 1577 5348 ydoneus;‹
1618 5279 1695 5330 tunc
1719 5287 1834 5329 omnes
1858 5265 1988 5347 quilibet

432 5392 543 5433 eorum
568 5392 626 5451 per
649 5383 727 5434 vota
751 5393 808 5434 sua
834 5375 975 5434 unanimi
999 5384 1032 5434 ct
1056 5374 1207 5436 concordi
1233 5385 1313 5436 voto
1337 5377 1369 5435 in
1395 5377 1499 5455 ipsum
1525 5374 1623 5436 dnum
1648 5375 1851 5455 prepositum
1875 5391 1987 5434 conve·

432 5489 547 5540 nerunt
570 5480 773 5560 eundemque
797 5481 828 5541 in
853 5481 1298 5543 administratorem
1333 5482 1590 5562 elegerunt
1615 5491 1662 5553 et,
1695 5493 1729 5542 ut
1752 5501 1836 5542 onus
1859 5481 1986 5552 subiret,

431 5587 607 5668 petierunt;
631 5588 684 5670 qui
709 5588 826 5652 diutius
850 5586 1039 5651 reluctando
1064 5607 1165 5672 seque
1189 5589 1229 5650 ad
1253 5589 1315 5652 hoc
1340 5591 1444 5652 minus
1470 5588 1622 5651 idoneum
1639 5587 1833 5669 profitendo
1859 5588 1986 5651 tandem
