4416 6366
949 588 1043 638 ACTA
1062 589 1224 639 CAPITULI
1243 589 1498 640 POZNANIENSIS

427 679 476 686 ..--
484 678 585 684 -------
597 679 662 684 ---
671 679 791 685 -—--—
800 680 852 686 -—-
860 679 1668 690 -——--—-———-———-——-—-——..—-—-
1675 683 1981 691 --—-———--—-—

640 795 683 859 A.
714 815 811 876 1492,
837 797 1029 861 Decembris
1059 815 1112 878 13,
1137 802 1168 862 in
1193 800 1345 880 capitulo.

536 935 625 1004 820.
661 939 713 1022 (V.
745 941 854 1020 35⁰)..
890 941 953 1004 Dni
985 952 1139 1022 parentes
1171 943 1375 1006 mandatis..
1412 943 1487 1005 Rmi
1519 943 1622 1024 Epi..
1657 944 1756 1008 dnum
1789 944 1982 1029 Gregorium

426 1045 638 1130 [Lubransky
661 1048 865 1127 prepositum
889 1045 1232 1130 Slrarbymyryensem
1249 1049 1289 1112 R.
1307 1049 1339 1112 P.
1356 1050 1666 1134 vicecancellarium]
1681 1101 1709 1114 ..
1733 1053 1764 1114 in
1780 1055 1983 1136 prepositum

426 1154 652 1234 prenominate
677 1155 813 1216 ecclesie
837 1154 1031 1218 cathedralis
1054 1155 1192 1219 Poznan.
1217 1169 1420 1238 receperunt.

640 1331 682 1393 A.
713 1347 811 1410 1493,
836 1329 970 1394 ianuarii
995 1331 1055 1414 81),
1081 1333 1111 1394 in
1136 1333 1288 1414 capitulo

535 1470 623 1538 821.
662 1473 714 1555 (V.
757 1473 854 1556 36)..
890 1473 1010 1536 Vener.
1044 1474 1098 1536 dni
1130 1474 1289 1550 officialis,
1322 1475 1522 1558 Lukowsky‚
1555 1477 1782 1560 Rogalynsky,
1815 1477 1981 1550 Martinus

428 1577 671 1662 Grodzyczsky,
704 1580 966 1662 Brosthkowsky
996 1582 1038 1644 ad
1069 1585 1448 1646 convencionem
1483 1583 1919 1664 Pyotrlroviensem
1950 1586 1980 1646 in

427 1685 514 1749 11110
538 1689 672 1750 cervisie
697 1688 934 1768 deputaverunt
957 1687 1041 1752 dnos
1065 1688 1243 1752 Iohannem
1268 1687 1461 1771 Lukowslry
1492 1690 1717 1754 cancellarium
1749 1701 1782 1754 et
1815 1691 1981 1754 Andream

427 1791 622 1874 Czesselslry
653 1795 861 1866 canonicum,
893 1795 1010 1876 quibus
1046 1817 1104 1876 per
1138 1815 1197 1859 sex
1228 1817 1354 1860 marcas
1378 1818 1438 1878 pro
1462 1800 1617 1879 expensis
1641 1799 1717 1862 dare
1741 1799 1976 1863 mandaverunt

427 1911 460 1964 et
484 1900 673 1966 refectiones
698 1915 732 1965 et
755 1903 834 1965 alias
858 1903 1079 1966 obvenciones
1103 1914 1212 1986 preter
1236 1906 1392 1986 exequias
1415 1905 1490 1968 illuc
1513 1906 1679 1981 euntibus,
1703 1907 1746 1970 ibi
1771 1907 1934 1970 stantibus
1949 1917 1982 1970 et

430 2018 544 2071 1011111
568 2008 777 2072 redeuntibus
802 2021 1056 2074 reservaverunt.

536 2147 622 2215 822.
658 2151 761 2232 (ibid.)
796 2151 918 2215 ibidem
943 2173 1049 2216 vener.
1073 2153 1127 2216 dni
1152 2153 1345 2236 Lukowsky
1369 2166 1402 2218 et
1426 2155 1622 2236 Czesselsky
1647 2155 1820 2218 redeuntes
1844 2155 1884 2218 de
1908 2175 1981 2218 con·

427 2260 585 2320 vencione
609 2258 867 2339 Pyotrkowiensi
895 2259 1081 2324 obtulerunt
1112 2261 1183 2323 dnis
1215 2262 1354 2326 litteram
1388 2265 1511 2346 regiam
1543 2283 1641 2346 super
1670 2273 1810 2346 quatuor
1840 2262 1981 2326 tabernis

432 2365 566 2428 cervisie
591 2365 729 2429 lorensis
753 2366 851 2430 libere
875 2369 1060 2449 propinare.

639 2559 682 2624 A.
712 2577 807 2640 1493,
831 2561 938 2624 Martii
964 2578 1015 2626 20.

535 2698 623 2768 823.
648 2703 700 2785 (V.
726 2705 788 2784 37).
812 2704 936 2768 Mors
960 2704 1013 2766 dni
1039 2705 1199 2768 Hectoris.
1223 2743 1266 2752 -—
1291 2707 1352 2769 Die
1378 2705 1526 2769 Mercurii
1549 2707 1702 2793 vicesima
1726 2708 1846 2770 mensis
1870 2706 1980 2770 Marcii

426 2809 501 2871 anni
530 2811 691 2890 presentis
721 2809 873 2872 videlicet
909 2828 989 2889 1493
1023 2811 1102 2873 hora
1134 2813 1286 2875 vicesima
1319 2815 1418 2876 tercia
1449 2835 1557 2876 vener.
1591 2815 1639 2876 vir
1671 2814 1754 2876 dnus
1785 2811 1910 2876 Hector
1941 2812 1980 2874 de

428 2915 643 2998 Cozyemyno
667 2937 781 2979 canon.
805 2916 945 2980 Poznan.
970 2919 1001 2980 in
1027 2930 1205 3000 conspectu
1237 2919 1277 2982 R.
1305 2921 1382 2983 Mtis
1410 2923 1441 2982 in
1473 2920 1633 2982 Poznania
1665 2921 1705 2982 de
1735 2921 1910 3002 apoplexia
1941 2919 1980 2980 in·

428 3021 572 3086 firmatus
596 3022 675 3085 hora
699 3035 813 3104 quarta
837 3027 942 3088 noctis
966 3028 1132 3107 sequentis
1154 3027 1324 3091 defunctus
1341 3039 1392 3090 est
1409 3039 1442 3092 et
1458 3027 1536 3091 feria
1552 3027 1618 3090 Vta
1636 3028 1784 3108 sequenti
1802 3029 1832 3088 in
1849 3027 1980 3089 mansio

429 3131 517 3192 naria
540 3129 601 3192 sub
624 3129 730 3212 lapide
756 3151 937 3194 marmureo
961 3132 1152 3208 tumulatus,
1177 3137 1266 3198 cuius
1289 3138 1430 3198 animam
1456 3135 1511 3199 lux
1536 3147 1648 3199 eterna
1671 3135 1848 3216 possideat.

640 3322 682 3386 A.
712 3341 810 3403 1493,
835 3325 941 3388 Martii
967 3342 1024 3400 22,
1050 3327 1081 3390 in
1106 3329 1258 3410 capitulo.

536 3461 624 3531 824.
649 3466 700 3549 (V.
726 3467 786 3550 37).
813 3465 899 3552 [1)111)
924 3469 1163 3550 deputaverunt
1185 3471 1269 3534 dnos
1293 3471 1467 3535 Martinam
1492 3471 1725 3534 Potencianum
1749 3481 1782 3534 et
1803 3469 1978 3550 Grodzycz-

427 3573 490 3654 sky
514 3573 555 3636 ad
579 3574 708 3655 Regem
733 3575 764 3636 in
788 3575 1436 3678 sactonexcommunicatorum.

640 3767 682 3831 A.
711 3785 810 3849 1493,
834 3769 958 3851 Aprilis
984 3770 1066 3853 23²),
1091 3771 1122 3834 in
1146 3771 1298 3854 capitulo.

534 3906 621 3975 825.
645 3909 697 3993 (V.
726 3911 801 3992 370).
824 3911 948 3974 Ibidem
965 3911 1203 3992 deputaverunt
1219 3913 1303 3978 dnos
1319 3913 1493 3996 Czaczslry‚
1511 3914 1762 3996 Sigismundum,
1779 3913 1978 3992 Caesselslry‚

427 4013 663 4098 Grodzyczsky
686 4016 727 4079 ad
751 4017 872 4080 Rmum
898 4019 996 4081 dnum
1019 4019 1126 4100 Epum
1152 4019 1376 4084 Cuiaviensem
1400 4023 1431 4084 in
1455 4021 1542 4085 facto
1566 4023 1696 4104 aggeris
1718 4022 1891 4084 molendini
1906 4039 1977 4081 curn

426 4122 528 4186 Helth
552 4144 651 4206 super
674 4125 832 4188 citacione
856 4127 988 4188 consilia
1012 4129 1184 4208 recepturi.

639 4317 681 4382 A.
711 4335 809 4398 1493,
835 4317 960 4399 Aprilis
985 4335 1041 4398 29,
1067 4321 1098 4382 in
1122 4321 1274 4401 capitulo.

536 4457 625 4526 826.
662 4459 714 4542 (V.
742 4461 847 4542 37⁰l..
882 4461 998 4526 Prelati
1029 4463 1123 4526 dni..
1148 4463 1388 4545 deputaverunt
1415 4465 1499 4528 dnos
1522 4465 1763 4548 Sigismundum
1788 4465 1978 4546 Czesselsky

427 4579 460 4632 et
485 4566 721 4649 Grodzyczsky
746 4589 818 4631 cum
843 4567 1004 4633 mandatis
1027 4570 1221 4633 citacionum
1252 4572 1293 4634 ad
1325 4573 1462 4654 Regiam
1493 4573 1596 4636 Mtem
1628 4586 1742 4660 contra
1772 4573 1872 4640 Helth
1894 4593 1979 4636 com-

427 4675 606 4758 parendum
630 4687 664 4739 et
688 4675 960 4758 respondendum.

640 4867 684 4932 A.
713 4886 813 4950 1493,
837 4869 913 4932 Maii
938 4869 1002 4952 8³),
1027 4871 1059 4933 in
1082 4872 1236 4952 capitulo.

535 5007 623 5077 827.
658 5011 708 5092 (V.
734 5011 842 5094 37⁰)..
868 5013 932 5075 Dni
955 5013 1072 5096 prefati
1098 5015 1244 5096 superius
1267 5017 1460 5098 descripti..
1484 5018 1722 5099 deputaverunt
1741 5018 1824 5082 dnos
1841 5017 1976 5098 Gorslry,

428 5117 684 5200 Goluchowsky‚
715 5117 974 5202 Sigismundum,
1006 5121 1201 5203 Czesselslry
1235 5132 1268 5186 et
1299 5122 1534 5207 Grodzyczsky
1564 5126 1605 5187 ad
1638 5125 1678 5189 R.
1711 5125 1814 5189 Mtem
1838 5126 1870 5187 in
1893 5124 1976 5187 lacto

427 5226 559 5308 capituli
583 5235 697 5290 contra
722 5225 823 5290 Helth
848 5248 945 5310 super
967 5249 1099 5312 aggere.
1133 5289 1136 5296 .

536 5437 554 5508 ¹)
573 5441 642 5490 Date
661 5455 684 5488 w
703 5438 845 5506 oryginale:
869 5439 935 5489 »Die
953 5440 1043 5490 Mortis
1063 5439 1242 5492 v112nu2rrn
1262 5443 1312 5508 jest
1329 5443 1494 5510 niemoiliwq.

533 5529 553 5600 ¹)
572 5531 641 5580 Data
660 5547 683 5581 w
701 5529 848 5596 oryginsle:
871 5530 936 5579 »Die
955 5531 1046 5580 Martis
1064 5531 1183 5582 vicesima
1201 5541 1291 5600 quarta
1309 5533 1405 5599 Aprilis
1422 5535 1472 5599 jest
1490 5534 1583 5601 mylnp.

534 5617 554 5690 ⁸)
573 5619 641 5670 Date
660 5637 683 5670 w
702 5619 849 5686 oryginale:
871 5619 937 5670 »Die
956 5621 1074 5670 Mercurii
1092 5637 1161 5670 nona
1180 5622 1258 5672 Maii«
1277 5623 1327 5687 jort
1345 5623 1448 5690 blednq.
