4416 6366
821 607 1001 664 annontui
1022 603 1215 668 tlte-1480.

1679 619 1801 715 ,239

242 697 327 708 —.

450 822 494 886 A.
523 839 622 904 1479,
647 823 723 887 Maii
753 839 807 906 15,
832 827 863 888 in
888 826 1042 907 capitulo

345 941 432 1012 677.
456 945 526 1029 (Ν.
553 949 629 1032 320).
654 949 777 1012 Ibidem
802 950 886 1014 dnus
909 949 1071 1014 Iohannes
1096 947 1363 1031 Gylowyeczslry
1386 972 1404 1012 a
1429 949 1501 1014 dnis
1525 949 1565 1014 de
1590 951 1732 1034 capitulo
1754 973 1797 1014 ex

236 1053 480 1118 contribucione
503 1055 587 1118 inter
610 1077 668 1120 eos
691 1056 776 1120 lacta
800 1059 922 1139 recepit
946 1057 994 1120 IV
1018 1077 1144 1120 marcas
1168 1057 1275 1119 minus
1299 1077 1364 1120 uno
1389 1055 1514 1121 lertone
1532 1078 1591 1140 pro
1609 1057 1797 1122 defensione

236 1161 333 1223 castri
356 1159 489 1244 Crobya
513 1175 546 1226 et
561 1163 728 1226 solucione
752 1164 953 1244 stipenda
970 1165 1046 1228 riis
1070 1185 1129 1246 pro
1155 1185 1217 1226 una
1243 1163 1415 1228 dumtaxat
1439 1166 1635 1248 septimana,
1653 1186 1712 1246 pro
1729 1166 1799 1228 aliis

236 1286 315 1329 vero
331 1267 521 1333 ebdomadrs
544 1269 659 1351 prefati
683 1271 737 1333 dni
762 1272 824 1352 ipsi
848 1272 913 1335 dno
938 1269 1205 1353 Gylowyeczsky
1230 1292 1290 1353 pro
1313 1271 1390 1336 dicti
1416 1273 1512 1336 castri
1535 1272 1722 1336 defensione
1739 1293 1799 1354 pro

237 1373 380 1455 qualibet
403 1378 585 1458 septimana
609 1379 828 1460 promiserunt
851 1378 928 1443 dare
952 1400 1011 1460 per
1034 1379 1082 1442 IV
1108 1399 1241 1442 marcas

449 1553 494 1618 A.
524 1569 622 1635 1479,
646 1554 726 1618 lunii
751 1571 801 1635 30,
826 1557 858 1618 in
882 1555 1026 1637 capitu-lo
1050 1555 1206 1637 generali.

344 1672 432 1743 678.
456 1677 521 1759 (Ν.
540 1683 603 1760 33).
623 1679 666 1742 Α.
684 1677 1071 1743 D.MCCCCLXXIX..
1096 1677 1371 1761 Capitulum
1395 1681 1609 1762 generale
1633 1679 1796 1762 profesto

237 1781 269 1844 b.
293 1781 379 1855 Petri
403 1795 437 1848 et
459 1785 547 1848 Pauli
569 1785 803 1868 apostolorum.
852 1783 914 1850 Die
937 1787 1131 1850 Mercurii..
1164 1807 1273 1851 vener.
1311 1787 1365 1849 dni
1397 1787 1551 1850 Nicolaus
1582 1788 1622 1850 de
1650 1787 1799 1852 Sobotha

237 1900 349 1953 custos
372 1901 406 1954 et
428 1891 678 1967 administrator,
702 1894 859 1969 decanus,
892 1904 1015 1970 cantor,
1039 1893 1249 1969 scolasticus,
1273 1893 1408 1966 Soudla,
1432 1891 1664 1977 Syrakowsky,
1688 1895 1797 1978 Roga-

237 1995 368 2078 lynsky,
391 1997 516 2074 doctor,
540 1999 777 2083 Pleschewsky,
802 2001 1062 2084 Dobrogostius,
1087 2002 1245 2083 Popow0,
1270 2001 1395 2064 Hector
1419 2001 1576 2076 infirmus,
1602 2002 1796 2083 lablowslry,

237 2103 433 2170 Wladislaus
472 2107 646 2190 C'zaczslry,
686 2107 886 2190 Lukowslry,
926 2107 1202 2191 Gylowyeczslry,
1241 2107 1473 2190 Rambynsky,
1513 2109 1798 2192 Nyechanowsky,

237 2208 353 2286 Scora,
377 2211 537 2278 lohannes
560 2215 709 2296 Xansky,
735 2215 1011 2297 Zayaczlrowsky,
1035 2213 1269 2297 Zakrzewslry,
1300 2215 1469 2278 Abraham
1493 2215 1681 2296 Dzbanslry,
1705 2215 1798 2298 Szyr·

237 2320 378 2402 powslry
401 2332 435 2386 et
458 2321 673 2405 Carczewsky
699 2323 813 2404 prelati
836 2334 870 2388 et
892 2323 1042 2386 canonici
1065 2323 1203 2387 ecclesie
1231 2323 1459 2386 Poznaniensis
1474 2371 1503 2386 ..
1535 2323 1795 2404 capitulariter..

238 2429 439 2511 congregati.

344 2565 432 2658 679.
458 2569 561 2652 (ibid.)
585 2571 666 2634 Item
691 2573 745 2634 dni
769 2573 1008 2654 deputaverunt
1032 2573 1073 2635 ad
1098 2571 1272 2635 videndum
1298 2571 1431 2646 damna,
1456 2591 1519 2654 que
1543 2571 1628 2636 lacta
1652 2571 1796 2634 feruntur

237 2676 510 2742 akmethonibus
534 2679 575 2742 de
598 2679 794 2742 Pabianowo
826 2680 892 2742 dno
915 2679 1146 2764 Pleschewsky
1179 2691 1213 2742 et
1243 2679 1397 2762 priorisse
1428 2679 1469 2742 de
1502 2679 1680 2752 Poznania,
1714 2679 1798 2742 dnos

238 2781 412 2867 Heskyen,
438 2783 615 2850 Hectorem
639 2797 672 2849 et
695 2806 763 2864 me;
787 2787 841 2848 dni
865 2785 1094 2870 Pleschewsky
1117 2797 1151 2850 et
1174 2783 1280 2849 Skora
1303 2785 1431 2850 fuerunt
1456 2795 1612 2868 tanquam
1631 2795 1794 2869 regentes,

451 2962 493 3025 A.
524 2976 623 3043 1479,
646 2961 716 3026 Iulii
746 2981 776 3038 1,
801 2964 833 3026 in
857 2963 999 3046 capitulo
1023 2963 1178 3046 generali.

344 3083 431 3153 680.
456 3087 524 3169 (Ν.
550 3091 613 3170 33).
638 3087 703 3150 Dni
727 3087 957 3162 decreverunt,
982 3087 1070 3170 quod
1094 3107 1214 3173 magna
1238 3089 1434 3151 necessitate
1458 3088 1627 3170 ingruente
1651 3089 1682 3149 in
1707 3086 1795 3151 lacto

237 3193 386 3259 videlicet
410 3197 572 3278 capti-v
585 3197 593 3257 i
607 3205 620 3260 t
632 3217 650 3257 a
663 3205 678 3259 t
689 3195 727 3257 is
750 3195 804 3258 dni
829 3195 1049 3279 Rambynsky
1066 3206 1260 3277 receperunt
1277 3197 1308 3257 in
1324 3207 1471 3258 mutuum
1488 3215 1548 3257 sex
1564 3195 1630 3258 flor.
1647 3193 1794 3277 Hungar.

237 3301 279 3365 de
309 3304 452 3384 pecuniis
484 3303 515 3365 in
546 3301 763 3383 vayebodrin
794 3301 899 3366 allatis
931 3311 964 3366 et
997 3302 1078 3386 [per]
1111 3303 1210 3366 dnum
1242 3302 1390 3365 Electum
1424 3301 1465 3364 ad
1500 3301 1693 3364 servandum
1729 3301 1795 3364 dno

236 3409 456 3491 Rogalynsky
486 3409 627 3486 traditis,
659 3429 742 3492 quos
772 3429 833 3473 sex
863 3409 929 3472 llor.
954 3410 1171 3490 promiserunt
1195 3427 1371 3492 reponere,
1395 3410 1632 3491 quamprimum
1656 3409 1793 3489 pecunie

237 3536 298 3597 pro
321 3515 544 3580 installacione
567 3517 767 3581 advenerint.

449 3692 493 3757 A.
523 3710 621 3775 1479,
645 3692 848 3776 Septembris
878 3693 927 3756 18.

344 3823 431 3894 681.
454 3827 522 3910 (Ν.
548 3820 623 3910 34⁰).
650 3826 775 3892 Mors
798 3827 853 3890 dni
876 3826 1003 3890 Nicolai
1027 3826 1068 3889 de
1091 3825 1240 3890 Sobotha
1265 3825 1410 3888 custodis
1433 3826 1541 3888 vicarii
1564 3826 1597 3886 in
1620 3823 1794 3905 Spirituali·

236 3935 300 3998 bus
321 3945 355 3999 et
377 3933 521 3998 officialis
544 3955 603 4016 per
625 3933 719 3998 XXII
742 3954 847 3998 annos
871 3933 1006 3998 ecclesie
1030 3933 1275 4004 Poznaniensis,
1300 3933 1355 4014 qui
1380 3931 1423 3994 A.
1442 3931 1483 3994 D.
1500 3929 1795 3995 MCCCCLXXIX

235 4042 289 4105 die
310 4041 440 4106 Saturni
464 4041 576 4104 XVlll
598 4039 802 4124 Septembris
825 4043 1036 4106 sacramentis
1059 4042 1218 4114 initiatuS,
1251 4051 1286 4102 ut
1310 4038 1527 4102 Christianum
1552 4058 1662 4100 verum
1687 4039 1790 4112 decet,

236 4169 309 4213 curn
333 4149 460 4231 optimo
484 4151 601 4214 mentis
624 4149 754 4231 vigore,
779 4149 864 4210 diem
888 4149 979 4212 obiit.

448 4325 491 4388 A.
521 4327 612 4406 1480,
635 4325 742 4389 Martii
767 4342 826 4398 22,
851 4325 883 4387 in
907 4325 1061 4406 capitulo.

342 4455 430 4526 682.
455 4459 524 4540 (Ν.
550 4460 629 4540 37⁰).
653 4458 777 4522 Ibidem
801 4459 855 4521 dni
879 4457 954 4520 Rdo
979 4458 1062 4539 patri
1079 4457 1145 4520 dno
1161 4457 1266 4540 Regie
1283 4455 1360 4520 Mtis
1376 4452 1639 4518 vicecancellario
1656 4462 1793 4534 propter

235 4578 341 4630 certas
364 4587 477 4630 causas
501 4587 600 4630 unum
623 4567 781 4632 talentum
808 4567 895 4630 croci
926 4576 960 4628 et
991 4565 1133 4628 medium
1165 4563 1305 4646 lapidem
1336 4563 1457 4644 piperis
1488 4561 1554 4624 dno
1585 4560 1793 4642 Rogalinsky

235 4674 313 4738 dare
335 4673 623 4738 demandaverunt.

449 4850 492 4914 A.
523 4853 614 4930 1480,
638 4850 762 4934 Aprilis
788 4853 847 4927 28,
871 4852 903 4912 in
928 4849 1082 4932 capitulo.

342 4981 430 5052 683.
466 4985 535 5067 (Ν.
562 4985 657 5066 39)..
693 4983 899 5047 Constitutus
930 4982 1144 5065 personaliter
1166 4979 1280 5043 honor.
1306 4979 1388 5042 dnus
1412 4976 1550 5039 Iacobus
1573 4975 1615 5038 de
1638 4973 1793 5038 Schamo·

234 5091 316 5156 thuli
339 5103 446 5157 rector
470 5093 661 5174 parochialis
685 5093 716 5156 in
740 5090 921 5172 Ryczywol
946 5102 979 5154 et
1003 5091 1140 5153 vicarius
1163 5097 1339 5170 perpetuus
1369 5084 1493 5168 prefate
1523 5083 1661 5145 Poznan.
1695 5081 1793 5144 eccle·

234 5201 361 5273 siarum,
378 5211 570 5282 procurator
585 5219 691 5262 vener.
712 5198 1060 5262 dniCrzeczslai
1085 5196 1126 5260 de
1150 5193 1342 5259 Curozvv
1353 5191 1515 5274 yanky
1539 5190 1652 5252 decani
1670 5187 1792 5251 Gnezn.

234 5318 268 5372 et
292 5307 433 5372 cantoris
456 5305 594 5370 Poznan.
618 5305 658 5370 R.
683 5305 762 5368 Mtis
786 5307 927 5386 supremi
959 5305 1138 5378 secretarii,
1170 5302 1211 5364 de
1242 5303 1331 5364 cuius
1364 5297 1605 5382 procuracionis
1634 5295 1789 5358 mandato

233 5435 293 5498 per
316 5415 566 5478 instrumentum
590 5413 754 5495 publicum
778 5413 1002 5495 circumspecti
1034 5410 1089 5473 dni
1112 5408 1265 5472 Iohannis
1296 5407 1337 5469 de
1368 5405 1498 5468 Laszko
1529 5403 1636 5467 clerici
1669 5401 1791 5464 Gnezn.

234 5521 389 5598 diocesis,
412 5521 531 5604 publici
554 5521 747 5585 auctoritate
771 5519 927 5601 imperiali
950 5520 1081 5594 notarii,
1106 5537 1203 5580 manu
1227 5525 1261 5579 et
1283 5515 1379 5597 signo
1402 5513 1621 5593 subscriptum
1640 5520 1673 5572 et
1689 5510 1792 5572 consi-

233 5639 384 5712 gnatum,
408 5629 588 5693 luculenter
609 5627 798 5700 constabat,
822 5627 935 5711 vigore
959 5627 1137 5691 litterarum
1162 5623 1356 5706 provisionis
1381 5621 1456 5684 Rmi
1469 5669 1495 5683 ..
1512 5619 1567 5682 dni
1584 5615 1736 5679 lobannis
1752 5615 1793 5678 de

340 5743 436 5788 ›to-um.
453 5741 517 5784 mean
530 5741 577 5784 aa
592 5741 641 5783 nra.
658 5741 716 5786 xm.
1586 5721 1619 5778 17
