4416 6366
458 561 519 624 126
941 561 1035 610 ACTA
1054 561 1217 612 CAPITULI
1236 561 1490 612 POZNANIENSIS

452 654 812 662 ——-—--—-———--
1014 653 1156 660 -m—
1408 654 1695 662 —-—.—.—

670 773 713 836 A.
743 789 840 852 1479,
866 773 1000 836 Ianuarii
1023 791 1059 853 9,
1083 775 1114 836 in
1140 773 1290 855 capitulo.

559 911 646 980 666.
680 915 749 996 (lV.
774 916 855 995 27⁰).
887 913 1040 997 Sequitur
1061 915 1237 996 sepultura.
1266 951 1304 960 -
1330 916 1390 979 Die
1418 915 1586 978 Saturni..
1618 918 1740 998 paratis
1770 917 1917 996 tandem,
1942 938 2006 998 que

451 1037 511 1104 pro
536 1023 718 1085 cerimoniis
742 1021 861 1084 funeris
885 1021 1054 1104 magnifice
1077 1021 1276 1094 sufficerent,
1304 1033 1371 1085 tam
1396 1023 1586 1086 secularium
1613 1025 1884 1104 presbiterorum,
1909 1043 2005 1104 quam

451 1129 673 1212 religiosorum
699 1127 831 1192 fratrum
856 1129 1118 1210 processionibus
1143 1139 1175 1194 et
1199 1129 1434 1192 fraternitatum
1459 1129 1561 1192 turbis
1584 1131 1625 1192 de
1648 1132 1777 1194 civitate
1798 1143 1831 1194 et
1847 1131 2006 1194 suburbiis

449 1236 591 1299 Poznan.
616 1237 885 1300 convenientibus
909 1257 982 1299 cum
1007 1237 1099 1310 cleri,
1130 1237 1245 1300 milicie
1276 1249 1309 1300 et
1341 1237 1453 1318 populi
1486 1238 1628 1300 maxima
1659 1237 1844 1318 frequencia
1876 1257 1894 1300 e
1921 1239 2004 1299 curia

451 1343 645 1425 episcopali,
669 1344 721 1424 (ibi
746 1345 829 1406 enim
855 1364 974 1425 corpus
999 1354 1160 1407 mortuum
1185 1344 1287 1407 fuerat
1311 1344 1476 1424 delatum),
1502 1343 1699 1426 prelatorum
1724 1355 1758 1407 et
1777 1345 2006 1406 canonicorum

450 1449 592 1514 humeris
617 1450 789 1513 subnixum
813 1450 854 1513 ad
878 1451 1047 1514 ecclesiam
1071 1451 1215 1514 defertur
1237 1451 1466 1522 cathedralem,
1491 1451 1609 1514 exinde
1632 1451 1769 1533 exequie
1785 1453 2005 1523 concinuntur,

451 1558 549 1619 misse
573 1558 650 1621 item
674 1557 897 1630 decantantur,
922 1558 1067 1620 ultimam
1092 1557 1183 1622 Rdus
1207 1568 1300 1639 pater
1323 1559 1405 1620 dnus
1430 1557 1626 1622 Vincencius
1650 1559 1741 1642 Epus
1765 1557 1904 1621 Enensis
1927 1559 2006 1620 eius·

451 1664 524 1727 dem
549 1663 690 1728 defuncti
714 1663 935 1746 suffraganeus
969 1664 1158 1727 sollenniter
1190 1664 1383 1738 celebravit,
1418 1665 1567 1746 egregius
1600 1666 1648 1727 vir
1680 1665 1763 1728 dnus
1795 1665 1932 1728 lacobus
1965 1666 2005 1728 de

451 1769 639 1852 Vigonowo
674 1771 878 1834 decretorum
912 1773 1027 1835 doctor
1061 1773 1251 1836 scolasticus
1284 1772 1512 1835 Poznaniensis
1547 1773 1733 1835 oracionem
1766 1792 1864 1852 super
1896 1771 2005 1834 funere

451 1877 642 1942 urbanitatis
667 1879 812 1960 plenam,
839 1879 934 1960 paulo
958 1891 1067 1942 tamen
1091 1879 1290 1952 inferiorem,
1322 1881 1403 1961 (quis
1427 1880 1511 1942 enim
1536 1889 1628 1942 tanta
1651 1879 1841 1961 eloquentia
1864 1899 2005 1959 unquam

451 1985 584 2058 effulsit,
618 1987 672 2066 qui
705 1985 749 2048 ita
781 2006 856 2048 suas
888 1987 1023 2050 virtutes
1057 1988 1149 2048 unica
1173 1989 1324 2050 oracione
1348 1987 1521 2068 complecti
1546 1989 1726 2068 potuisset),
1751 2006 1849 2068 quam
1874 2007 1931 2048 sua
1955 1985 2003 2048 de-

452 2091 634 2173 poscebant
658 2093 780 2156 merita.
805 2091 892 2174 Quid
916 2094 1024 2176 plura,
1049 2093 1150 2157 fertur
1173 2094 1266 2156 funus
1290 2095 1331 2156 ad
1355 2095 1555 2174 sepulcrum,
1581 2093 1611 2156 id
1636 2093 1695 2156 sibi
1720 2105 1796 2156 ante
1819 2112 1922 2154 annos
1943 2093 2006 2154 XX

450 2198 501 2261 vel
526 2200 625 2272 circa,
650 2201 800 2282 cogitans
824 2221 859 2264 se
883 2221 1013 2282 semper
1037 2202 1240 2274 moriturum,
1272 2201 1313 2263 de
1338 2221 1497 2264 marmore
1521 2203 1587 2264 auri
1612 2201 1703 2262 calco
1727 2200 1923 2280 superducto
1947 2200 2005 2260 ela·

450 2305 557 2369 borari
581 2307 733 2380 iusserat,
758 2319 895 2390 uterque
911 2327 1008 2371 sexus
1026 2308 1216 2380 lacrimatur,
1242 2308 1364 2389 plorat,
1389 2309 1501 2380 eiulat,
1528 2309 1558 2371 in
1575 2309 1675 2372 altum
1694 2309 1835 2370 lamenta
1853 2307 2004 2378 feruntur,

450 2413 564 2476 reboat
595 2413 686 2486 echo,
719 2426 872 2478 resonant
904 2415 1010 2496 Drya,
1044 2416 1192 2496 mugiunt
1224 2435 1281 2496 pre
1309 2417 1444 2478 vocibus
1468 2427 1571 2488 tecta,
1602 2417 1658 2477 vix
1681 2415 1814 2478 tandem
1838 2424 2005 2496 premente

450 2521 544 2583 turba
567 2520 710 2584 defertur
739 2521 780 2583 ad
804 2523 962 2584 tumulum
994 2532 1027 2585 et
1055 2522 1128 2584 illuc
1160 2523 1305 2593 insertur,
1338 2543 1376 2584 os
1407 2524 1562 2604 spelunce
1594 2523 1779 2600 obstruitur,
1811 2521 2004 2584 cohibentur

451 2627 597 2702 lacrime,
621 2629 769 2691 celeriter
792 2629 941 2692 dominus
967 2649 1024 2712 per
1047 2639 1183 2692 cunctos
1200 2639 1318 2706 oratur,
1343 2633 1450 2692 anima
1466 2630 1570 2692 celum
1588 2639 1622 2694 ut
1639 2629 1820 2710 possideat,
1844 2649 1905 2711 pro
1922 2629 2005 2690 bene

450 2743 523 2796 acte
546 2735 612 2798 vite
636 2753 768 2798 munera
791 2736 972 2800 tribuantur
995 2737 1140 2810 decursu,
1164 2757 1225 2818 pro
1249 2735 1309 2799 hac
1332 2737 1429 2800 celeri
1446 2737 1585 2802 donetur
1601 2739 1668 2800 vita
1684 2747 1856 2818 perpetua,
1881 2735 2005 2798 stabilis

452 2860 511 2921 pro
536 2841 673 2914 caduca,
698 2863 758 2923 pro
782 2844 864 2906 tristi
889 2843 953 2907 leta
977 2855 1010 2907 et
1035 2865 1095 2925 pro
1119 2845 1304 2907 transitoria
1327 2845 1535 2924 sempiterna.
1571 2843 1604 2907 Si
1629 2845 1746 2915 virtuS,
1770 2853 1805 2905 ut
1829 2841 2005 2904 Lactantio

452 2947 575 3028 placet,
599 2947 741 3011 celorum
766 2950 834 3012 sola
859 2951 937 3014 civis
960 2962 1025 3024 est,
1050 2952 1121 3032 quis
1145 2970 1223 3014 vero
1247 2951 1332 3012 hunc
1357 2951 1483 3014 dubitet
1508 2961 1633 3032 patrem
1658 2961 1767 3032 preter
1791 2949 1894 3012 celum
1917 2947 2002 3010 habi·

451 3063 535 3126 tare,
557 3075 630 3118 cum
654 3057 772 3120 nedum
796 3059 958 3122 virtuosus
982 3059 1040 3121 sed
1063 3059 1133 3140 ipsa
1158 3059 1259 3122 virtus
1283 3058 1375 3121 fuen't
1398 3069 1459 3121 etc.
1486 3057 1569 3120 Vale
1593 3059 1646 3120 mi.

560 3211 647 3282 667.
684 3217 750 3298 (lV.
783 3219 847 3298 28).
882 3217 1009 3281 Electio
1045 3219 1322 3283 administratoris
1348 3255 1391 3263 —-
1415 3217 1559 3292 Tradita
1596 3228 1631 3282 ut
1666 3215 1832 3299 prefertur,
1867 3233 2005 3297 corpore

452 3323 669 3387 ecclesiastice
693 3325 857 3406 sepulture
881 3345 960 3388 mox
975 3326 1016 3388 ad
1033 3327 1207 3407 capitulum
1226 3327 1295 3398 itur,
1317 3327 1357 3388 ad
1375 3345 1490 3388 sonum
1508 3345 1667 3407 campane
1683 3325 1880 3387 conveniunt
1896 3341 2004 3384 vener.
2090 3387 2096 3399 ‚

452 3439 561 3511 patres
585 3431 639 3494 dni
664 3431 754 3496 Uriel
778 3433 818 3495 de
842 3432 955 3496 Gorlra
978 3435 1177 3514 prepositus
1212 3432 1321 3496 Adam
1355 3433 1513 3507 decanus,
1547 3433 1661 3496 Petrus
1694 3442 1816 3505 cantor,
1850 3428 2004 3492 Nicolaus

452 3547 578 3611 custos,
602 3537 738 3602 lacobus
762 3539 966 3614 scolasticus,
991 3540 1144 3603 Nicolaus
1169 3539 1379 3614 Srzemensis,
1413 3541 1610 3603 Vincencius
1633 3539 1832 3602 Pczewensis
1856 3535 2006 3600 archidia-

452 3645 540 3718 coni,
565 3645 718 3709 Andreas
741 3647 956 3729 Rogalinslry,
982 3647 1135 3710 Nicolaus
1159 3648 1199 3710 de
1224 3647 1364 3722 Costen,
1388 3647 1567 3710 Stanislaus
1591 3648 1632 3709 de
1657 3644 1832 3718 Pleschow,
1860 3653 2005 3724 mayster

452 3751 709 3834 Dobrogostius,
740 3753 901 3816 Iohannes
933 3755 973 3816 de
997 3754 1151 3836 Popowo,
1187 3755 1309 3817 Hector
1333 3755 1373 3816 de
1398 3754 1596 3834 Cozemyno,
1627 3753 1764 3816 lacobus
1788 3751 1829 3815 de
1850 3749 2004 3822 lablowo,

452 3858 607 3924 Nicolaus
630 3861 671 3923 de
696 3862 813 3934 Czacz,
838 3861 1042 3934 Wladislaus,
1066 3861 1179 3925 Petrus
1203 3862 1243 3924 de
1259 3859 1412 3944 Smygel,
1436 3860 1597 3924 lohannes
1614 3861 1654 3922 de
1670 3859 1827 3930 Lukowo,
1843 3857 2004 3920 lohannes

452 3965 494 4027 de
517 3963 734 4048 Gylowyecz,
759 3969 917 4032 Martinus
941 3969 982 4032 de
1005 3967 1248 4050 Nyechanowo,
1274 3969 1433 4032 Albertus
1457 3970 1497 4032 de
1520 3967 1602 4050 Gay,
1627 3967 1740 4030 Petrus
1764 3967 1804 4029 de
1827 3965 2004 4045 Rambyno

451 4071 611 4136 Martinus
634 4075 674 4135 de
698 4075 910 4149 Dambrowa,
935 4075 1096 4140 lohannes
1120 4077 1160 4138 de
1185 4077 1442 4158 Zayanczkowo,
1466 4075 1627 4138 lohannes
1648 4075 1689 4136 de
1705 4073 1887 4146 Zalrrzewo,
1912 4071 2003 4132 Nico·

452 4178 520 4242 laus
553 4181 594 4244 de
621 4179 779 4258 Sirpowo,
802 4181 999 4246 Vincencius
1031 4183 1072 4246 de
1096 4183 1267 4248 Carczewo
1300 4195 1332 4246 et
1365 4183 1556 4246 Alexander
1590 4183 1631 4245 de
1664 4181 1791 4244 Porcini
1825 4179 1941 4260 prelati
1970 4189 2004 4240 et

451 4287 597 4350 canonici
621 4289 756 4353 ecclesie
780 4290 902 4371 prefate
928 4291 1120 4372 modicoque
1136 4291 1277 4364 silencio
1303 4293 1349 4372 (ut
1368 4301 1444 4371 post
1464 4309 1622 4352 merorem
1641 4287 1696 4368 fit),
1720 4287 1847 4358 habito,
1871 4285 2003 4349 tandem

451 4394 543 4458 Rdus
579 4407 671 4477 pater
706 4396 788 4458 dnus
824 4396 913 4460 Uriel
945 4399 985 4460 de
1017 4398 1128 4462 Gorl<a
1160 4397 1282 4462 Gnezn.
1308 4410 1341 4462 et
1366 4398 1503 4460 Poznan.
1529 4398 1736 4460 ecclesiarum
1761 4393 1946 4475 prepositus
1969 4399 2003 4452 et

451 4501 491 4564 R.
518 4503 550 4566 P.
575 4505 799 4567 cancellarius:
823 4504 958 4567 inficiari
975 4526 1039 4568 non
1058 4525 1207 4587 possum,
1232 4507 1350 4587 inquit,
1375 4505 1497 4566 domini
1514 4515 1547 4568 et
1565 4503 1677 4566 fratres
1693 4501 1848 4564 carissimi
1864 4499 1905 4561 de
1922 4497 2002 4560 tanti

451 4611 552 4691 patris
576 4623 681 4673 morte
705 4611 880 4674 dolendum
904 4633 969 4675 non
994 4633 1083 4688 esse,
1116 4633 1213 4696 quem
1246 4613 1452 4694 integerrime
1484 4611 1700 4693 cognovimus
1731 4609 1813 4682 vite,
1850 4607 1938 4669 cuius
1961 4603 2002 4666 ab

452 4737 508 4780 ore
539 4717 754 4782 edificacionis
785 4720 901 4793 verba,
932 4721 973 4782 ab
1005 4723 1133 4785 actione
1158 4720 1382 4801 exemplorum
1407 4719 1619 4782 sanctimonia
1642 4715 1880 4798 procedebant,
1915 4713 2002 4776 cuius

451 4826 586 4888 virtutes
609 4827 636 4887 si
660 4827 846 4908 singillatim
871 4849 1019 4891 enarrare
1042 4827 1175 4898 vellem,
1211 4847 1307 4909 quam
1342 4847 1457 4890 omnes
1482 4827 1597 4898 nostis,
1629 4823 1697 4887 dies
1721 4843 1773 4886 me
1797 4821 1947 4884 deficeret
1968 4829 2001 4880 et

450 4933 543 4994 tarda
566 4931 646 4994 hora
669 4934 709 4995 ad
734 4934 795 4997 alia
820 4955 880 4998 nos
903 4945 1015 5013 vocat;
1039 4935 1269 5015 abstergantur
1292 4935 1387 5016 igitur
1412 4933 1556 5007 lacrime,
1588 4931 1831 5012 subprimantur
1854 4929 2000 5010 gemitus

449 5040 576 5101 animos
599 5040 768 5104 induamus
791 5041 978 5115 alacriores,
1002 5063 1043 5105 ne
1067 5043 1265 5106 consternati
1290 5042 1392 5123 glorie
1416 5041 1517 5122 ipsius
1542 5040 1685 5102 invidere
1709 5037 1883 5116 videamur,
1907 5054 2001 5115 quem

449 5145 544 5208 sedes
569 5167 634 5209 non
657 5148 850 5231 ambigimus
873 5151 1039 5231 accepisse
1063 5150 1186 5214 beatas.
1234 5147 1452 5230 Cogitandum
1476 5147 1587 5220 nobis,
1618 5144 1852 5208 consulendum
1877 5154 1910 5205 et
1933 5161 2001 5223 pro·

450 5252 625 5315 videndum
649 5265 715 5326 est,
748 5275 813 5337 quo
837 5269 985 5321 curatore
1010 5259 1174 5340 quondam
1198 5257 1298 5337 ipsius
1322 5277 1452 5337 sponsa,
1477 5275 1561 5318 nunc
1584 5255 1692 5328 vidua,
1717 5263 1848 5324 tutetur,
1880 5271 1921 5312 ne
1944 5250 2002 5312 dos

451 5359 551 5440 ipsius
586 5360 758 5442 diripiatur,
793 5364 978 5429 vicinissimi
1010 5375 1102 5440 sunt,
1138 5365 1193 5446 qui
1224 5363 1444 5426 admoliuntur
1471 5373 1504 5426 et
1528 5363 1654 5424 iamiam
1677 5359 1787 5423 fauces
1810 5366 2001 5440 aperuerunt

451 5467 492 5529 ad
516 5467 755 5544 devorandum,
776 5470 874 5552 idque
899 5491 964 5534 non
988 5471 1137 5548 dubium,
1163 5471 1222 5534 nisi
1246 5471 1432 5540 obsistetur,
1456 5469 1584 5532 facient.
1609 5467 1723 5530 Nostis
1739 5465 1876 5528 militum
1892 5482 2001 5545 genus,

451 5575 506 5664 qui
528 5577 583 5638 vix
607 5577 673 5638 suis
704 5588 914 5644 contentatur
945 5579 1121 5666 aliquando
1153 5577 1330 5664 stipendiis.
1378 5577 1515 5640 Proinde
1543 5574 1595 5640 ille
1619 5573 1772 5648 hirsutus,
1804 5592 1869 5657 quo
1901 5569 2002 5632 nullus
