4416 6366
433 609 492 672 142

916 595 1009 645 ACTA
1029 595 1191 647 CAPITULI
1211 595 1465 648 POZNANIENSIS

424 808 498 870 inde
522 819 669 872 secutum
694 809 795 882 luerit,
821 811 852 870 in
874 811 967 873 vobis
992 822 1025 873 et
1049 811 1143 872 bonis
1167 813 1282 874 vestris
1306 811 1479 874 emendare
1503 814 1631 894 penitus
1655 814 1845 876 curabimus.
1862 813 1982 876 Datum

423 917 455 977 in
480 917 815 978 convencione
839 917 1047 998 generali
1076 917 1458 998 Pyotrlcoviensi
1489 919 1630 982 sabbato
1654 931 1730 982 ante
1755 921 1872 984 festum
1896 920 1982 982 Nati·

424 1025 532 1085 uitatis
564 1021 683 1086 Christi
716 1027 866 1105 proximo
899 1024 940 1086 A.
972 1024 1012 1086 D.
1045 1023 1395 1088 lll⁰CCCCLXXXIV.
1427 1027 1472 1102 (d.
1503 1045 1524 1106 4
1551 1025 1741 1107 Septembris
1766 1027 1878 1110 1484).
1926 1027 1981 1088 Ad

425 1130 612 1192 mandatum
638 1132 691 1192 dni
716 1131 827 1212 Regis.

532 1269 617 1338 754.
653 1273 721 1352 (IV.
746 1275 824 1354 990).
861 1273 988 1336 Eodem
1013 1273 1064 1336 die
1089 1274 1218 1337 fuerunt
1238 1285 1395 1338 tractatus
1419 1277 1503 1338 inter
1526 1277 1626 1350 dnos,
1650 1296 1692 1338 an
1716 1277 1800 1339 dnus
1825 1277 1977 1340 Nicolaus

423 1378 540 1460 Czepel
565 1381 699 1444 deberet
724 1382 754 1442 in
778 1381 969 1442 canonicum
994 1381 1131 1443 ecclesie
1157 1381 1294 1444 Poznan.
1319 1393 1352 1445 et
1377 1383 1407 1444 in
1433 1383 1564 1444 fratrem
1589 1384 1697 1463 recipi.

638 1625 680 1686 Α.
711 1629 808 1705 1485,
834 1626 901 1688 Iulii
930 1641 962 1704 5,
988 1628 1017 1688 in
1043 1627 1186 1707 capitulo
1210 1629 1361 1710 generali.

534 1781 620 1849 755.
657 1784 722 1866 (IV.
748 1787 824 1868 990).
862 1785 983 1848 ibidem
1016 1788 1069 1848 dni
1102 1789 1142 1848 ad
1176 1790 1369 1869 peticionem
1394 1791 1469 1850 Rmi
1493 1791 1593 1870 patris
1617 1791 1671 1852 dni
1696 1790 1780 1853 Petri
1804 1791 1834 1852 d.
1861 1812 1892 1872 g.
1917 1791 1977 1871 Epi

424 1892 699 1954 Wladislaviensis
723 1913 830 1955 vener.
855 1894 920 1954 dno
937 1894 1034 1956 Petro
1052 1894 1272 1976 Rarnbynslcy
1289 1897 1396 1957 villam
1415 1897 1626 1978 Cobylnyky,
1652 1918 1750 1978 quam
1768 1897 1828 1960 sibi
1846 1908 1978 1980 propter

425 2000 655 2080 oppressiones
689 2001 902 2062 kmethonurn
935 2022 993 2080 per
1022 2003 1147 2064 nobiles
1179 2002 1280 2064 lactas
1313 2005 1456 2084 recipere
1488 2014 1520 2066 et
1551 2005 1642 2066 alteri
1674 2004 1761 2068 fratri
1793 2005 1834 2066 de
1865 2006 1976 2067 eadem

424 2107 593 2186 providere
617 2107 806 2178 voluerunt,
839 2108 898 2169 sibi
931 2109 1067 2170 eandem
1102 2110 1267 2172 viceversa
1299 2113 1524 2185 restituerunt,
1555 2113 1599 2173 ita
1629 2122 1754 2186 tamen,
1788 2113 1877 2192 quod
1908 2113 1976 2190 ipse

421 2215 503 2275 dnus
528 2215 747 2295 Rambynslcy
771 2215 866 2276 faciat
891 2216 1055 2276 meliorem
1082 2215 1347 2280 1·elormacionem
1374 2218 1403 2277 in
1428 2217 1582 2278 intuendo
1608 2229 1639 2280 et
1664 2217 1870 2299 protegendo
1894 2220 1977 2298 ipso·

421 2341 490 2382 rum
515 2321 728 2383 kmethonum
753 2322 984 2402 oppressiones
1009 2332 1041 2383 et
1066 2323 1193 2384 iniurias
1218 2343 1254 2383 ac
1279 2324 1378 2404 ipsius
1403 2325 1477 2385 ville
1502 2326 1669 2406 granicies

530 2461 616 2528 756.
641 2464 743 2544 (ibid.)
767 2463 889 2526 Ibidem
914 2465 970 2526 dni
994 2465 1159 2526 laborioso
1184 2465 1365 2527 llarthoseh
1389 2467 1476 2529 dicto
1501 2467 1682 2529 Pasthucha
1702 2467 1742 2528 dc
1760 2465 1976 2528 Garaschewo

420 2581 526 2634 totum
551 2591 682 2632 censum
708 2581 843 2650 propter
867 2591 958 2634 suam
983 2573 1125 2652 inopiam
1149 2572 1308 2634 duntaxat
1332 2575 1406 2634 anni
1428 2575 1588 2654 presentis
1607 2573 1648 2635 de
1663 2575 1771 2654 gracia
1788 2574 1977 2636 dimiserunt

420 2677 461 2740 ad
486 2678 681 2740 relacionem
705 2679 758 2740 dni
784 2678 960 2740 Wladislai.

529 2817 615 2884 757.
649 2821 715 2902 (lV.
747 2821 824 2900 100).
861 2821 984 2882 Ibidem
1016 2823 1070 2883 dni
1101 2823 1251 2884 omnibus
1285 2823 1516 2886 kmethonibus
1550 2823 1669 2885 ibidem
1693 2823 1734 2884 de
1758 2823 1975 2886 Garaschewo

421 2939 555 3009 propter
578 2930 721 3008 ipsorum
747 2929 889 3008 inopiam
915 2930 1074 2990 duntaxat
1100 2950 1159 3009 pro
1184 2949 1270 2990 anno
1295 2931 1438 3010 presenti
1472 2951 1529 3010 per
1560 2952 1619 2993 sex
1643 2952 1778 3012 grossos
1802 2931 1843 2992 de
1867 2933 1974 3012 gracia

420 3036 623 3108 dimiserunt,
656 3037 817 3098 residuum
850 3057 928 3097 vero
960 3057 1093 3098 censum
1122 3057 1180 3116 per
1203 3039 1292 3117 ipsos
1317 3037 1511 3100 kmethones
1536 3059 1622 3100 anno
1647 3040 1790 3117 presenti
1814 3051 1974 3102 retentum

420 3142 587 3224 profesto
612 3141 643 3204 b.
669 3141 835 3204 Michaelis
860 3144 1011 3222 proximo
1036 3143 1102 3206 dno
1127 3145 1329 3224 procuratori
1352 3145 1479 3208 solvere
1505 3145 1707 3210 tenebuntur.

528 3279 614 3348 758.
649 3283 718 3362 (IV.
748 3285 825 3363 100).
861 3285 984 3347 Ibidem
1010 3285 1064 3347 dni
1088 3287 1280 3348 unanimiter
1315 3307 1420 3348 vener.
1445 3287 1511 3348 dno
1536 3287 1669 3348 Iohanni
1694 3287 1734 3349 de
1758 3289 1907 3350 Luleowo
1931 3289 1971 3350 de

419 3391 574 3472 pensione
599 3391 825 3453 beneficiorum
851 3403 917 3454 tres
942 3413 1066 3454 marcas
1091 3394 1250 3456 duntaxat
1267 3415 1327 3474 pro
1344 3415 1430 3454 anno
1447 3395 1589 3475 presenti
1607 3397 1851 3476 propterviam,
1875 3413 1970 3475 quam

417 3499 491 3561 iecit
514 3498 556 3559 ad
580 3501 959 3562 convencionenr
984 3502 1014 3561 in
1040 3501 1230 3562 Thorun
1256 3501 1441 3582 generalem
1466 3502 1497 3562 in
1524 3501 1610 3563 iacto
1635 3501 1765 3582 capituli
1790 3512 1822 3564 et
1839 3503 1971 3564 cervisie

418 3607 666 3688 liydgostieusis
691 3609 948 3688 propinacionis,
973 3607 1013 3668 de
1039 3610 1146 3689 gracia
1170 3609 1367 3670 dimiserunt.

634 3853 676 3917 A.
710 3859 807 3934 1485,
832 3855 900 3916 Iulii
925 3859 961 3929 8,
987 3856 1017 3916 in
1042 3856 1194 3936 capitulo,

525 4013 609 4080 759.
646 4015 713 4095 (IV.
744 4016 825 4094 101).
861 4015 985 4076 Eodem
1022 4017 1073 4078 die
1107 4017 1251 4096 prelatos
1284 4015 1368 4076 dnos
1401 4015 1544 4094 prelatos
1577 4027 1609 4076 ct
1638 4017 1812 4077 canonicos
1836 4015 1970 4077 ecclesie

418 4123 557 4186 l’oznan.
583 4123 623 4184 ad
641 4143 757 4183 sonum
779 4143 937 4202 campane
954 4123 1173 4202 capitulariter
1188 4133 1407 4202 congregatos
1425 4121 1536 4186 honor.
1554 4123 1636 4184 dnus
1653 4123 1806 4184 Nicolaus
1822 4123 1972 4184 Iohannis

418 4231 458 4292 de
481 4229 728 4309 Luthomyrsho
752 4232 926 4291 canonicus
951 4249 974 4291 s.
994 4231 1093 4290 blarie
1112 4232 1142 4292 in
1161 4251 1287 4292 summo
1306 4231 1441 4290 Poznan.
1458 4241 1650 4310 procurator
1666 4241 1698 4292 et
1717 4233 1845 4292 nomine
1861 4249 1971 4310 procu·

419 4339 537 4399 raterio
564 4337 618 4398 dni
643 4337 726 4417 mgri
750 4337 777 4396 N
784 4336 874 4397 icolai
900 4335 1018 4415 Cchel
1040 4339 1080 4399 de
1097 4337 1264 4408 Poznania,
1289 4338 1329 4398 de
1346 4338 1434 4398 cuius
1451 4357 1548 4398 onere
1566 4348 1598 4398 et
1616 4339 1769 4399 mandato
1786 4359 1844 4418 per
1860 4339 1971 4398 instru-

418 4455 575 4505 mentum.
586 4445 750 4524 publicum
774 4443 815 4504 de
840 4464 935 4504 manu
963 4454 995 4506 et
1020 4447 1114 4526 signo
1132 4445 1356 4523 circumspecti
1374 4446 1455 4524 mgri
1473 4443 1624 4506 Iohannis
1642 4445 1769 4507 Martini
1788 4446 1828 4507 de
1845 4445 1969 4525 Rytho·

416 4572 478 4613 nen
503 4552 608 4612 clerici
633 4551 876 4612 Leodsonensis
901 4552 983 4612 dioc.
1010 4553 1129 4631 publici
1147 4565 1237 4614 sacra
1254 4551 1407 4631 imperiali
1424 4553 1618 4614 auctoritate
1635 4553 1749 4614 notarii
1767 4563 1858 4615 extat
1876 4552 1971 4632 plena

419 4659 512 4733 fides,
537 4659 728 4739 requirendo
753 4678 810 4720 eos
834 4659 947 4738 vigore
971 4660 1147 4722 litterarum
1172 4659 1424 4740 apostolicarum
1450 4659 1715 4720 execrrtorialium
1740 4661 1799 4721 sub
1824 4660 1915 4721 titulo
1938 4669 1971 4720 et

415 4767 520 4849 sigillo
544 4767 607 4827 Reli
632 4768 733 4846 patris
758 4767 811 4827 dni
836 4765 987 4828 iohannis
1012 4767 1173 4828 Autlronii
1199 4769 1257 4828 Dei
1283 4777 1315 4828 et
1340 4765 1520 4844 apostolice
1545 4766 1638 4827 Sedis
1663 4769 1770 4847 gracia
1796 4767 1856 4847 Epi
1881 4765 1970 4828 Alle-

415 4875 576 4946 xaudrini,
602 4873 694 4934 unius
718 4893 761 4934 ex
785 4873 865 4935 Rdis
890 4875 1036 4954 patribus
1060 4875 1131 4936 dnis
1156 4875 1236 4935 sacri
1261 4873 1377 4935 Palacii
1401 4874 1571 4953 apostolici
1589 4895 1755 4936 causarum
1773 4875 1970 4936 auditoribus

415 4982 521 5044 locum
546 4982 699 5055 tenentiS,
725 5001 820 5043 manu
846 4991 878 5043 et
902 4981 997 5062 signo
1021 4983 1245 5062 circumspecti
1270 4983 1351 5062 mgri
1378 4981 1464 5042 Pauli
1489 4981 1610 5042 vander
1634 4981 1746 5043 Lacok
1770 4982 1875 5043 clerici
1891 4981 1969 5043 Leo·

415 5091 557 5151 dioensis
582 5088 664 5150 dioc.
690 5087 809 5168 publici
834 5099 941 5168 apost.
966 5090 1160 5150 auctoritate
1185 5089 1299 5150 notarii
1325 5089 1605 5170 consignaturum,
1636 5089 1787 5169 quatinus
1811 5089 1968 5169 prefatum

415 5198 513 5260 dnum
537 5211 664 5278 mgrum
689 5196 860 5258 Nicolaum
886 5195 1005 5276 Czepel
1029 5196 1069 5257 de
1094 5196 1254 5256 Poznania
1285 5195 1326 5256 ad
1359 5196 1583 5258 canonicatum
1608 5205 1641 5258 et
1665 5195 1880 5276 prebendam,
1913 5215 1968 5275 per

415 5316 553 5367 mortem
578 5304 653 5365 olim
677 5303 731 5365 dni
755 5303 908 5365 Iohannis
932 5304 972 5364 de
998 5303 1157 5366 Kxansch
1181 5304 1339 5365 dictorum
1366 5304 1575 5365 canonicatus
1606 5313 1639 5366 et
1672 5303 1837 5383 prebende
1868 5303 1967 5364 ultimi

416 5413 614 5493 possessoris
638 5421 823 5485 vacantem,
848 5412 962 5491 vigore
986 5410 1159 5473 earundem
1184 5410 1360 5472 litterarum
1385 5411 1649 5472 executorialium
1674 5411 1705 5471 in
1729 5412 1918 5472 canonicum
1934 5421 1966 5472 et

415 5523 446 5580 in
479 5519 607 5581 fratrem
640 5519 838 5598 reciperent,
870 5528 903 5579 et
927 5517 1034 5579 locum
1063 5519 1093 5578 in
1118 5517 1261 5598 capitulo
1285 5528 1318 5580 et
1342 5516 1469 5579 stallum
1494 5519 1525 5578 in
1550 5517 1650 5579 choro
1674 5537 1747 5578 cum
1772 5517 1967 5598 plenitudine

414 5629 489 5694 iuris
512 5627 658 5688 canonici
683 5625 743 5688 sibi
766 5626 982 5707 assignarent;
1007 5625 1195 5708 quiquidem
1220 5625 1342 5686 domini
1366 5625 1548 5686 huiusmodi
1573 5625 1686 5687 litteris
1711 5625 1751 5686 ad
1776 5645 1810 5686 se
1830 5626 1966 5704 receptis
