<?xml version="1.0" encoding="UTF-8"?>
<!DOCTYPE html PUBLIC "-//W3C//DTD XHTML 1.0 Transitional//EN"
    "http://www.w3.org/TR/xhtml1/DTD/xhtml1-transitional.dtd">
<html xmlns="http://www.w3.org/1999/xhtml" xml:lang="en" lang="en">
 <head>
  <title>
</title>
<meta http-equiv="Content-Type" content="text/html;charset=utf-8" />
  <meta name='ocr-system' content='tesseract 3.04.00' />
  <meta name='ocr-capabilities' content='ocr_page ocr_carea ocr_par ocr_line ocrx_word'/>
</head>
<body>
  <div class='ocr_page' id='page_1' title='image "actacapitulorum00czubgoog_0187.png"; bbox 0 0 4416 6366; ppageno 0'>
   <div class='ocr_carea' id='block_1_1' title="bbox 840 573 1821 658">
    <p class='ocr_par' dir='ltr' id='par_1_1' title="bbox 840 573 1821 658">
     <span class='ocr_line' id='line_1_1' title="bbox 840 573 1821 658; baseline 0.013 -30"><span class='ocrx_word' id='word_1_1' title='bbox 840 574 1020 628; x_wconf 76' lang='lat' dir='ltr'>anuunun</span> <span class='ocrx_word' id='word_1_2' title='bbox 1042 573 1226 630; x_wconf 72' lang='lat' dir='ltr'>raus-1500.</span> <span class='ocrx_word' id='word_1_3' title='bbox 1759 573 1821 658; x_wconf 90' lang='lat'>169</span> 
     </span>
    </p>
   </div>
   <div class='ocr_carea' id='block_1_2' title="bbox 262 667 1593 676">
    <p class='ocr_par' dir='ltr' id='par_1_2' title="bbox 262 667 1593 676">
     <span class='ocr_line' id='line_1_2' title="bbox 262 667 1593 676; baseline -0.001 0"><span class='ocrx_word' id='word_1_4' title='bbox 262 667 400 676; x_wconf 78' lang='lat'><em>———--——-—</em></span> <span class='ocrx_word' id='word_1_5' title='bbox 413 669 606 676; x_wconf 70' lang='lat'>——---——---</span> <span class='ocrx_word' id='word_1_6' title='bbox 623 670 661 676; x_wconf 80' lang='grc'>..-</span> <span class='ocrx_word' id='word_1_7' title='bbox 677 670 1339 676; x_wconf 46' lang='lat' dir='ltr'>ffi——n———W-ffi—</span> <span class='ocrx_word' id='word_1_8' title='bbox 1364 670 1508 676; x_wconf 68' lang='grc'>-.-.---..-</span> <span class='ocrx_word' id='word_1_9' title='bbox 1532 669 1566 675; x_wconf 82' lang='grc'>.-..</span> <span class='ocrx_word' id='word_1_10' title='bbox 1581 671 1593 674; x_wconf 94' lang='grc'>-</span> 
     </span>
    </p>
   </div>
   <div class='ocr_carea' id='block_1_3' title="bbox 252 785 1819 2474">
    <p class='ocr_par' dir='ltr' id='par_1_3' title="bbox 252 785 1819 2474">
     <span class='ocr_line' id='line_1_3' title="bbox 368 785 1819 871; baseline -0.001 -18"><span class='ocrx_word' id='word_1_11' title='bbox 368 785 456 853; x_wconf 83' lang='grc'><strong>907.</strong></span> <span class='ocrx_word' id='word_1_12' title='bbox 482 789 595 871; x_wconf 83' lang='lat' dir='ltr'>(lbid.).</span> <span class='ocrx_word' id='word_1_13' title='bbox 621 788 862 852; x_wconf 85' lang='lat' dir='ltr'>Statutum</span> <span class='ocrx_word' id='word_1_14' title='bbox 887 790 938 852; x_wconf 92' lang='lat' dir='ltr'>de</span> <span class='ocrx_word' id='word_1_15' title='bbox 963 787 1564 852; x_wconf 77' lang='lat' dir='ltr'>concubinariis—Similiter</span> <span class='ocrx_word' id='word_1_16' title='bbox 1579 789 1698 852; x_wconf 90' lang='lat' dir='ltr'>ibidem</span> <span class='ocrx_word' id='word_1_17' title='bbox 1715 789 1819 852; x_wconf 91' lang='lat' dir='ltr'>Rmus</span> 
     </span>
     <span class='ocr_line' id='line_1_4' title="bbox 257 892 1818 976; baseline 0.002 -21"><span class='ocrx_word' id='word_1_18' title='bbox 257 892 340 957; x_wconf 85' lang='lat' dir='ltr'>dnus</span> <span class='ocrx_word' id='word_1_19' title='bbox 364 895 526 958; x_wconf 89' lang='lat' dir='ltr'>lohannes</span> <span class='ocrx_word' id='word_1_20' title='bbox 548 897 640 976; x_wconf 85' lang='lat' dir='ltr'>Epus</span> <span class='ocrx_word' id='word_1_21' title='bbox 665 917 739 958; x_wconf 91' lang='lat' dir='ltr'>cum</span> <span class='ocrx_word' id='word_1_22' title='bbox 764 897 906 976; x_wconf 92' lang='lat' dir='ltr'>capitulo</span> <span class='ocrx_word' id='word_1_23' title='bbox 930 916 990 958; x_wconf 89' lang='lat' dir='ltr'>suo</span> <span class='ocrx_word' id='word_1_24' title='bbox 1014 905 1172 958; x_wconf 91' lang='lat' dir='ltr'>statutum</span> <span class='ocrx_word' id='word_1_25' title='bbox 1196 896 1404 958; x_wconf 87' lang='lat' dir='ltr'>diocesanum</span> <span class='ocrx_word' id='word_1_26' title='bbox 1429 896 1469 956; x_wconf 89' lang='lat' dir='ltr'>de</span> <span class='ocrx_word' id='word_1_27' title='bbox 1495 897 1682 975; x_wconf 90' lang='lat' dir='ltr'>presbiteris</span> <span class='ocrx_word' id='word_1_28' title='bbox 1707 907 1740 960; x_wconf 89' lang='lat' dir='ltr'>et</span> <span class='ocrx_word' id='word_1_29' title='bbox 1756 897 1818 960; x_wconf 92' lang='lat' dir='ltr'>cle-</span> 
     </span>
     <span class='ocr_line' id='line_1_5' title="bbox 255 1001 1818 1083; baseline 0.001 -21"><span class='ocrx_word' id='word_1_30' title='bbox 255 1002 328 1063; x_wconf 88' lang='lat' dir='ltr'>ricis</span> <span class='ocrx_word' id='word_1_31' title='bbox 352 1003 589 1064; x_wconf 89' lang='lat' dir='ltr'>concubinariis</span> <span class='ocrx_word' id='word_1_32' title='bbox 611 1004 778 1066; x_wconf 80' lang='lat' dir='ltr'>innovavit</span> <span class='ocrx_word' id='word_1_33' title='bbox 802 1001 985 1064; x_wconf 85' lang='lat' dir='ltr'>extendens</span> <span class='ocrx_word' id='word_1_34' title='bbox 1008 1001 1085 1064; x_wconf 89' lang='lat' dir='ltr'>illud</span> <span class='ocrx_word' id='word_1_35' title='bbox 1110 1004 1212 1063; x_wconf 89' lang='lat' dir='ltr'>eciam</span> <span class='ocrx_word' id='word_1_36' title='bbox 1235 1003 1277 1065; x_wconf 89' lang='lat' dir='ltr'>ad</span> <span class='ocrx_word' id='word_1_37' title='bbox 1302 1003 1447 1083; x_wconf 89' lang='lat' dir='ltr'>prelatus</span> <span class='ocrx_word' id='word_1_38' title='bbox 1470 1013 1502 1064; x_wconf 91' lang='lat' dir='ltr'>et</span> <span class='ocrx_word' id='word_1_39' title='bbox 1519 1004 1695 1066; x_wconf 89' lang='lat' dir='ltr'>canonicus</span> <span class='ocrx_word' id='word_1_40' title='bbox 1719 1004 1818 1065; x_wconf 89' lang='lat' dir='ltr'>eccle·</span> 
     </span>
     <span class='ocr_line' id='line_1_6' title="bbox 258 1107 1815 1190; baseline 0 -20"><span class='ocrx_word' id='word_1_41' title='bbox 258 1109 303 1170; x_wconf 87' lang='lat' dir='ltr'>sie</span> <span class='ocrx_word' id='word_1_42' title='bbox 327 1129 385 1171; x_wconf 90' lang='lat' dir='ltr'>sue</span> <span class='ocrx_word' id='word_1_43' title='bbox 410 1113 540 1172; x_wconf 90' lang='lat' dir='ltr'>maioris</span> <span class='ocrx_word' id='word_1_44' title='bbox 564 1109 704 1172; x_wconf 85' lang='lat' dir='ltr'>Poznan.</span> <span class='ocrx_word' id='word_1_45' title='bbox 730 1110 874 1174; x_wconf 89' lang='lat' dir='ltr'>subhac</span> <span class='ocrx_word' id='word_1_46' title='bbox 898 1109 1001 1172; x_wconf 82' lang='lat' dir='ltr'>forma</span> <span class='ocrx_word' id='word_1_47' title='bbox 1024 1109 1191 1186; x_wconf 87' lang='lat' dir='ltr'>videlicet,</span> <span class='ocrx_word' id='word_1_48' title='bbox 1224 1109 1314 1190; x_wconf 89' lang='lat' dir='ltr'>quod</span> <span class='ocrx_word' id='word_1_49' title='bbox 1338 1108 1444 1170; x_wconf 91' lang='lat' dir='ltr'>nullus</span> <span class='ocrx_word' id='word_1_50' title='bbox 1476 1107 1619 1189; x_wconf 90' lang='lat' dir='ltr'>prelatus</span> <span class='ocrx_word' id='word_1_51' title='bbox 1643 1110 1695 1172; x_wconf 91' lang='lat' dir='ltr'>vel</span> <span class='ocrx_word' id='word_1_52' title='bbox 1720 1130 1815 1172; x_wconf 87' lang='lat' dir='ltr'>cano·</span> 
     </span>
     <span class='ocr_line' id='line_1_7' title="bbox 256 1215 1811 1298; baseline 0.001 -22"><span class='ocrx_word' id='word_1_53' title='bbox 256 1216 346 1278; x_wconf 89' lang='lat' dir='ltr'>nicus</span> <span class='ocrx_word' id='word_1_54' title='bbox 371 1218 402 1277; x_wconf 92' lang='lat' dir='ltr'>in</span> <span class='ocrx_word' id='word_1_55' title='bbox 427 1216 526 1278; x_wconf 88' lang='lat' dir='ltr'>domo</span> <span class='ocrx_word' id='word_1_56' title='bbox 562 1237 619 1280; x_wconf 88' lang='lat' dir='ltr'>sua</span> <span class='ocrx_word' id='word_1_57' title='bbox 643 1218 713 1280; x_wconf 87' lang='lat' dir='ltr'>sive</span> <span class='ocrx_word' id='word_1_58' title='bbox 748 1218 778 1278; x_wconf 95' lang='lat' dir='ltr'>in</span> <span class='ocrx_word' id='word_1_59' title='bbox 805 1217 1016 1298; x_wconf 89' lang='lat' dir='ltr'>prestimoniu</span> <span class='ocrx_word' id='word_1_60' title='bbox 1052 1215 1230 1286; x_wconf 90' lang='lat' dir='ltr'>mulierem,</span> <span class='ocrx_word' id='word_1_61' title='bbox 1265 1215 1305 1278; x_wconf 90' lang='lat' dir='ltr'>de</span> <span class='ocrx_word' id='word_1_62' title='bbox 1337 1237 1400 1298; x_wconf 91' lang='lat' dir='ltr'>qua</span> <span class='ocrx_word' id='word_1_63' title='bbox 1425 1230 1538 1296; x_wconf 88' lang='lat' dir='ltr'>posset</span> <span class='ocrx_word' id='word_1_64' title='bbox 1562 1217 1636 1278; x_wconf 88' lang='lat' dir='ltr'>oriri</span> <span class='ocrx_word' id='word_1_65' title='bbox 1661 1217 1811 1296; x_wconf 91' lang='lat' dir='ltr'>suspicio,</span> 
     </span>
     <span class='ocr_line' id='line_1_8' title="bbox 255 1322 1811 1405; baseline 0 -21"><span class='ocrx_word' id='word_1_66' title='bbox 255 1341 385 1386; x_wconf 89' lang='lat' dir='ltr'>servare</span> <span class='ocrx_word' id='word_1_67' title='bbox 419 1324 546 1386; x_wconf 87' lang='lat' dir='ltr'><strong>audeat.</strong></span> <span class='ocrx_word' id='word_1_68' title='bbox 582 1322 730 1404; x_wconf 85' lang='lat' dir='ltr'>Quodsi</span> <span class='ocrx_word' id='word_1_69' title='bbox 755 1324 826 1405; x_wconf 87' lang='lat' dir='ltr'>quis</span> <span class='ocrx_word' id='word_1_70' title='bbox 862 1323 934 1386; x_wconf 91' lang='lat' dir='ltr'>talis</span> <span class='ocrx_word' id='word_1_71' title='bbox 967 1333 1115 1404; x_wconf 92' lang='lat' dir='ltr'>repertus</span> <span class='ocrx_word' id='word_1_72' title='bbox 1150 1323 1243 1386; x_wconf 83' lang='lat' dir='ltr'>fuerit</span> <span class='ocrx_word' id='word_1_73' title='bbox 1268 1333 1300 1386; x_wconf 92' lang='lat' dir='ltr'>et</span> <span class='ocrx_word' id='word_1_74' title='bbox 1324 1323 1464 1386; x_wconf 83' lang='lat' dir='ltr'>fraterne</span> <span class='ocrx_word' id='word_1_75' title='bbox 1499 1324 1588 1404; x_wconf 89' lang='lat' dir='ltr'>prius</span> <span class='ocrx_word' id='word_1_76' title='bbox 1613 1324 1645 1384; x_wconf 95' lang='lat' dir='ltr'>in</span> <span class='ocrx_word' id='word_1_77' title='bbox 1669 1325 1811 1404; x_wconf 88' lang='lat' dir='ltr'>capitulo</span> 
     </span>
     <span class='ocr_line' id='line_1_9' title="bbox 255 1429 1812 1500; baseline -0.001 -8"><span class='ocrx_word' id='word_1_78' title='bbox 255 1431 397 1494; x_wconf 92' lang='lat' dir='ltr'>monitus</span> <span class='ocrx_word' id='word_1_79' title='bbox 432 1429 512 1492; x_wconf 86' lang='lat' dir='ltr'>infra</span> <span class='ocrx_word' id='word_1_80' title='bbox 547 1451 608 1493; x_wconf 90' lang='lat' dir='ltr'>sex</span> <span class='ocrx_word' id='word_1_81' title='bbox 631 1431 700 1492; x_wconf 89' lang='lat' dir='ltr'>dies</span> <span class='ocrx_word' id='word_1_82' title='bbox 724 1450 795 1492; x_wconf 90' lang='lat' dir='ltr'>eam</span> <span class='ocrx_word' id='word_1_83' title='bbox 832 1451 898 1492; x_wconf 93' lang='lat' dir='ltr'>non</span> <span class='ocrx_word' id='word_1_84' title='bbox 934 1431 1090 1494; x_wconf 83' lang='lat' dir='ltr'>dimiserit</span> <span class='ocrx_word' id='word_1_85' title='bbox 1125 1431 1176 1492; x_wconf 87' lang='lat' dir='ltr'>vel</span> <span class='ocrx_word' id='word_1_86' title='bbox 1201 1431 1296 1492; x_wconf 86' lang='lat' dir='ltr'>aliam</span> <span class='ocrx_word' id='word_1_87' title='bbox 1331 1430 1415 1492; x_wconf 86' lang='lat' dir='ltr'>sorte</span> <span class='ocrx_word' id='word_1_88' title='bbox 1450 1432 1653 1500; x_wconf 82' lang='lat' dir='ltr'>assumserit,</span> <span class='ocrx_word' id='word_1_89' title='bbox 1690 1441 1812 1494; x_wconf 84' lang='lat' dir='ltr'>extunc</span> 
     </span>
     <span class='ocr_line' id='line_1_10' title="bbox 254 1537 1812 1618; baseline -0.001 -19"><span class='ocrx_word' id='word_1_90' title='bbox 254 1537 398 1600; x_wconf 89' lang='lat' dir='ltr'>secundo</span> <span class='ocrx_word' id='word_1_91' title='bbox 423 1537 487 1600; x_wconf 89' lang='lat' dir='ltr'>XV</span> <span class='ocrx_word' id='word_1_92' title='bbox 511 1537 634 1599; x_wconf 90' lang='lat' dir='ltr'>dierum</span> <span class='ocrx_word' id='word_1_93' title='bbox 669 1539 825 1600; x_wconf 88' lang='lat' dir='ltr'>canonica</span> <span class='ocrx_word' id='word_1_94' title='bbox 860 1538 1044 1600; x_wconf 91' lang='lat' dir='ltr'>municione</span> <span class='ocrx_word' id='word_1_95' title='bbox 1081 1541 1193 1618; x_wconf 88' lang='lat' dir='ltr'>previa</span> <span class='ocrx_word' id='word_1_96' title='bbox 1227 1558 1362 1599; x_wconf 87' lang='lat' dir='ltr'>censura</span> <span class='ocrx_word' id='word_1_97' title='bbox 1396 1537 1615 1599; x_wconf 88' lang='lat' dir='ltr'>ecclesiastica</span> <span class='ocrx_word' id='word_1_98' title='bbox 1646 1557 1720 1598; x_wconf 95' lang='lat' dir='ltr'>cum</span> <span class='ocrx_word' id='word_1_99' title='bbox 1745 1538 1812 1614; x_wconf 90' lang='lat' dir='ltr'>ipsa</span> 
     </span>
     <span class='ocr_line' id='line_1_11' title="bbox 253 1643 1814 1726; baseline 0 -20"><span class='ocrx_word' id='word_1_100' title='bbox 253 1644 476 1726; x_wconf 85' lang='lat' dir='ltr'>distringatur;</span> <span class='ocrx_word' id='word_1_101' title='bbox 501 1645 587 1724; x_wconf 92' lang='lat' dir='ltr'>quod</span> <span class='ocrx_word' id='word_1_102' title='bbox 613 1645 638 1706; x_wconf 92' lang='lat' dir='ltr'>si</span> <span class='ocrx_word' id='word_1_103' title='bbox 663 1665 698 1706; x_wconf 91' lang='lat' dir='ltr'>se</span> <span class='ocrx_word' id='word_1_104' title='bbox 721 1643 826 1706; x_wconf 87' lang='lat' dir='ltr'>adhuc</span> <span class='ocrx_word' id='word_1_105' title='bbox 850 1645 981 1706; x_wconf 92' lang='lat' dir='ltr'>minime</span> <span class='ocrx_word' id='word_1_106' title='bbox 1004 1647 1182 1707; x_wconf 88' lang='lat' dir='ltr'>correxerit</span> <span class='ocrx_word' id='word_1_107' title='bbox 1206 1655 1238 1707; x_wconf 89' lang='lat' dir='ltr'>et</span> <span class='ocrx_word' id='word_1_108' title='bbox 1262 1647 1294 1706; x_wconf 95' lang='lat' dir='ltr'>in</span> <span class='ocrx_word' id='word_1_109' title='bbox 1318 1645 1374 1706; x_wconf 87' lang='lat' dir='ltr'>tali</span> <span class='ocrx_word' id='word_1_110' title='bbox 1399 1645 1583 1707; x_wconf 89' lang='lat' dir='ltr'>detestabili</span> <span class='ocrx_word' id='word_1_111' title='bbox 1600 1644 1814 1706; x_wconf 91' lang='lat' dir='ltr'>contubernio</span> 
     </span>
     <span class='ocr_line' id='line_1_12' title="bbox 255 1749 1811 1832; baseline 0 -20"><span class='ocrx_word' id='word_1_112' title='bbox 255 1751 469 1831; x_wconf 84' lang='lat' dir='ltr'>permanserit</span> <span class='ocrx_word' id='word_1_113' title='bbox 505 1751 659 1832; x_wconf 87' lang='lat' dir='ltr'>graviori,</span> <span class='ocrx_word' id='word_1_114' title='bbox 695 1763 817 1814; x_wconf 87' lang='lat' dir='ltr'>extunc</span> <span class='ocrx_word' id='word_1_115' title='bbox 843 1773 927 1831; x_wconf 90' lang='lat' dir='ltr'>pena</span> <span class='ocrx_word' id='word_1_116' title='bbox 964 1753 1141 1832; x_wconf 84' lang='lat' dir='ltr'>plectatur,</span> <span class='ocrx_word' id='word_1_117' title='bbox 1179 1762 1213 1814; x_wconf 92' lang='lat' dir='ltr'>ut</span> <span class='ocrx_word' id='word_1_118' title='bbox 1236 1749 1386 1814; x_wconf 91' lang='lat' dir='ltr'>videlicet</span> <span class='ocrx_word' id='word_1_119' title='bbox 1422 1763 1498 1831; x_wconf 90' lang='lat' dir='ltr'>post</span> <span class='ocrx_word' id='word_1_120' title='bbox 1523 1751 1654 1832; x_wconf 86' lang='lat' dir='ltr'>triginta</span> <span class='ocrx_word' id='word_1_121' title='bbox 1689 1752 1811 1813; x_wconf 90' lang='lat' dir='ltr'>dierum</span> 
     </span>
     <span class='ocr_line' id='line_1_13' title="bbox 253 1857 1815 1940; baseline -0.002 -20"><span class='ocrx_word' id='word_1_122' title='bbox 253 1859 469 1920; x_wconf 84' lang='lat' dir='ltr'>municionem</span> <span class='ocrx_word' id='word_1_123' title='bbox 494 1859 576 1930; x_wconf 86' lang='lat' dir='ltr'>villa,</span> <span class='ocrx_word' id='word_1_124' title='bbox 601 1860 627 1920; x_wconf 92' lang='lat' dir='ltr'>si</span> <span class='ocrx_word' id='word_1_125' title='bbox 651 1879 747 1939; x_wconf 89' lang='lat' dir='ltr'>quam</span> <span class='ocrx_word' id='word_1_126' title='bbox 771 1857 878 1932; x_wconf 90' lang='lat' dir='ltr'>habet,</span> <span class='ocrx_word' id='word_1_127' title='bbox 903 1871 936 1922; x_wconf 89' lang='lat' dir='ltr'>et</span> <span class='ocrx_word' id='word_1_128' title='bbox 953 1861 1052 1922; x_wconf 94' lang='lat' dir='ltr'>domo</span> <span class='ocrx_word' id='word_1_129' title='bbox 1077 1861 1149 1940; x_wconf 91' lang='lat' dir='ltr'>ipsu</span> <span class='ocrx_word' id='word_1_130' title='bbox 1173 1859 1259 1921; x_wconf 83' lang='lat' dir='ltr'>facto</span> <span class='ocrx_word' id='word_1_131' title='bbox 1283 1861 1324 1920; x_wconf 88' lang='lat' dir='ltr'>sit</span> <span class='ocrx_word' id='word_1_132' title='bbox 1349 1858 1500 1937; x_wconf 89' lang='lat' dir='ltr'>privatus,</span> <span class='ocrx_word' id='word_1_133' title='bbox 1526 1859 1624 1920; x_wconf 89' lang='lat' dir='ltr'>libere</span> <span class='ocrx_word' id='word_1_134' title='bbox 1649 1858 1749 1928; x_wconf 84' lang='lat' dir='ltr'>alteri,</span> <span class='ocrx_word' id='word_1_135' title='bbox 1774 1858 1815 1919; x_wconf 93' lang='lat' dir='ltr'>ad</span> 
     </span>
     <span class='ocr_line' id='line_1_14' title="bbox 255 1964 1809 2048; baseline 0 -21"><span class='ocrx_word' id='word_1_136' title='bbox 255 1985 351 2046; x_wconf 90' lang='lat' dir='ltr'>quem</span> <span class='ocrx_word' id='word_1_137' title='bbox 377 1975 513 2044; x_wconf 87' lang='lat' dir='ltr'>spectat,</span> <span class='ocrx_word' id='word_1_138' title='bbox 537 1964 749 2034; x_wconf 84' lang='lat' dir='ltr'>conserendis.</span> <span class='ocrx_word' id='word_1_139' title='bbox 784 1967 875 2048; x_wconf 87' lang='lat' dir='ltr'>penis</span> <span class='ocrx_word' id='word_1_140' title='bbox 899 1977 932 2028; x_wconf 92' lang='lat' dir='ltr'>et</span> <span class='ocrx_word' id='word_1_141' title='bbox 965 1967 1093 2029; x_wconf 90' lang='lat' dir='ltr'>mulctis</span> <span class='ocrx_word' id='word_1_142' title='bbox 1117 1967 1185 2029; x_wconf 88' lang='lat' dir='ltr'>aliis</span> <span class='ocrx_word' id='word_1_143' title='bbox 1210 1967 1241 2028; x_wconf 93' lang='lat' dir='ltr'>in</span> <span class='ocrx_word' id='word_1_144' title='bbox 1265 1967 1395 2028; x_wconf 89' lang='lat' dir='ltr'>statutis</span> <span class='ocrx_word' id='word_1_145' title='bbox 1420 1965 1670 2046; x_wconf 88' lang='lat' dir='ltr'>provincialibus</span> <span class='ocrx_word' id='word_1_146' title='bbox 1695 1977 1809 2027; x_wconf 89' lang='lat' dir='ltr'>contra</span> 
     </span>
     <span class='ocr_line' id='line_1_15' title="bbox 253 2072 1813 2155; baseline -0.002 -20"><span class='ocrx_word' id='word_1_147' title='bbox 253 2073 336 2135; x_wconf 88' lang='lat' dir='ltr'>tales</span> <span class='ocrx_word' id='word_1_148' title='bbox 359 2072 453 2136; x_wconf 89' lang='lat' dir='ltr'>editis</span> <span class='ocrx_word' id='word_1_149' title='bbox 477 2075 508 2134; x_wconf 93' lang='lat' dir='ltr'>in</span> <span class='ocrx_word' id='word_1_150' title='bbox 530 2092 590 2135; x_wconf 90' lang='lat' dir='ltr'>suu</span> <span class='ocrx_word' id='word_1_151' title='bbox 615 2074 732 2136; x_wconf 91' lang='lat' dir='ltr'>robore</span> <span class='ocrx_word' id='word_1_152' title='bbox 756 2077 988 2155; x_wconf 87' lang='lat' dir='ltr'>permansuris;</span> <span class='ocrx_word' id='word_1_153' title='bbox 1013 2075 1163 2136; x_wconf 85' lang='lat' dir='ltr'>volumus</span> <span class='ocrx_word' id='word_1_154' title='bbox 1188 2075 1334 2154; x_wconf 88' lang='lat' dir='ltr'>insuper,</span> <span class='ocrx_word' id='word_1_155' title='bbox 1360 2084 1395 2135; x_wconf 93' lang='lat' dir='ltr'>ut</span> <span class='ocrx_word' id='word_1_156' title='bbox 1419 2092 1554 2152; x_wconf 88' lang='lat' dir='ltr'>presens</span> <span class='ocrx_word' id='word_1_157' title='bbox 1578 2083 1736 2135; x_wconf 88' lang='lat' dir='ltr'>statutum</span> <span class='ocrx_word' id='word_1_158' title='bbox 1754 2093 1813 2152; x_wconf 87' lang='lat' dir='ltr'>per</span> 
     </span>
     <span class='ocr_line' id='line_1_16' title="bbox 253 2181 1810 2262; baseline -0.001 -20"><span class='ocrx_word' id='word_1_159' title='bbox 253 2181 405 2242; x_wconf 88' lang='lat' dir='ltr'>vicarium</span> <span class='ocrx_word' id='word_1_160' title='bbox 440 2181 626 2262; x_wconf 85' lang='lat' dir='ltr'>generalem</span> <span class='ocrx_word' id='word_1_161' title='bbox 650 2191 683 2242; x_wconf 93' lang='lat' dir='ltr'>et</span> <span class='ocrx_word' id='word_1_162' title='bbox 709 2193 952 2260; x_wconf 90' lang='lat' dir='ltr'>procuratorem</span> <span class='ocrx_word' id='word_1_163' title='bbox 988 2181 1119 2262; x_wconf 88' lang='lat' dir='ltr'>capituli</span> <span class='ocrx_word' id='word_1_164' title='bbox 1145 2201 1205 2261; x_wconf 93' lang='lat' dir='ltr'>pru</span> <span class='ocrx_word' id='word_1_165' title='bbox 1230 2191 1379 2261; x_wconf 89' lang='lat' dir='ltr'>tempore</span> <span class='ocrx_word' id='word_1_166' title='bbox 1415 2181 1594 2242; x_wconf 89' lang='lat' dir='ltr'>existentes</span> <span class='ocrx_word' id='word_1_167' title='bbox 1629 2181 1689 2242; x_wconf 92' lang='lat' dir='ltr'>sub</span> <span class='ocrx_word' id='word_1_168' title='bbox 1725 2200 1810 2260; x_wconf 90' lang='lat' dir='ltr'>pena</span> 
     </span>
     <span class='ocr_line' id='line_1_17' title="bbox 252 2286 1811 2368; baseline 0 -20"><span class='ocrx_word' id='word_1_169' title='bbox 252 2286 519 2349; x_wconf 89' lang='lat' dir='ltr'>distribucionum</span> <span class='ocrx_word' id='word_1_170' title='bbox 544 2288 745 2368; x_wconf 89' lang='lat' dir='ltr'>privacionis,</span> <span class='ocrx_word' id='word_1_171' title='bbox 781 2289 807 2350; x_wconf 91' lang='lat' dir='ltr'>si</span> <span class='ocrx_word' id='word_1_172' title='bbox 831 2289 862 2350; x_wconf 95' lang='lat' dir='ltr'>in</span> <span class='ocrx_word' id='word_1_173' title='bbox 887 2287 949 2350; x_wconf 91' lang='lat' dir='ltr'>hoc</span> <span class='ocrx_word' id='word_1_174' title='bbox 974 2289 1099 2352; x_wconf 78' lang='lat' dir='ltr'>remissi</span> <span class='ocrx_word' id='word_1_175' title='bbox 1123 2287 1246 2358; x_wconf 89' lang='lat' dir='ltr'>suerint,</span> <span class='ocrx_word' id='word_1_176' title='bbox 1279 2288 1388 2350; x_wconf 92' lang='lat' dir='ltr'>debite</span> <span class='ocrx_word' id='word_1_177' title='bbox 1412 2289 1618 2362; x_wconf 85' lang='lat' dir='ltr'>execucioni,</span> <span class='ocrx_word' id='word_1_178' title='bbox 1654 2289 1811 2368; x_wconf 89' lang='lat' dir='ltr'>quociens</span> 
     </span>
     <span class='ocr_line' id='line_1_18' title="bbox 254 2393 722 2474; baseline 0.004 -18"><span class='ocrx_word' id='word_1_179' title='bbox 254 2413 338 2474; x_wconf 92' lang='lat' dir='ltr'>opus</span> <span class='ocrx_word' id='word_1_180' title='bbox 362 2393 474 2466; x_wconf 81' lang='lat' dir='ltr'>suerit,</span> <span class='ocrx_word' id='word_1_181' title='bbox 499 2394 722 2458; x_wconf 87' lang='lat' dir='ltr'>demandetur.</span> 
     </span>
    </p>
   </div>
   <div class='ocr_carea' id='block_1_4' title="bbox 469 2588 1117 2670">
    <p class='ocr_par' dir='ltr' id='par_1_4' title="bbox 469 2588 1117 2670">
     <span class='ocr_line' id='line_1_19' title="bbox 469 2588 1117 2670; baseline 0.002 -21"><span class='ocrx_word' id='word_1_182' title='bbox 469 2589 512 2649; x_wconf 84' lang='lat' dir='ltr'>A.</span> <span class='ocrx_word' id='word_1_183' title='bbox 542 2603 640 2665; x_wconf 79' lang='lat'>1300,</span> <span class='ocrx_word' id='word_1_184' title='bbox 663 2588 799 2650; x_wconf 88' lang='lat' dir='ltr'>Ianuarii</span> <span class='ocrx_word' id='word_1_185' title='bbox 829 2590 883 2661; x_wconf 92' lang='lat'>16,</span> <span class='ocrx_word' id='word_1_186' title='bbox 909 2589 940 2651; x_wconf 92' lang='lat' dir='ltr'>in</span> <span class='ocrx_word' id='word_1_187' title='bbox 964 2589 1117 2670; x_wconf 88' lang='lat' dir='ltr'>capitulo.</span> 
     </span>
    </p>
   </div>
   <div class='ocr_carea' id='block_1_5' title="bbox 248 2725 1812 3560">
    <p class='ocr_par' dir='ltr' id='par_1_5' title="bbox 248 2725 1812 3560">
     <span class='ocr_line' id='line_1_20' title="bbox 358 2725 1810 2810; baseline 0 -18"><span class='ocrx_word' id='word_1_188' title='bbox 358 2725 447 2792; x_wconf 79' lang='lat'>908.</span> <span class='ocrx_word' id='word_1_189' title='bbox 474 2727 541 2808; x_wconf 92' lang='lat' dir='ltr'>(Vl.</span> <span class='ocrx_word' id='word_1_190' title='bbox 566 2729 604 2810; x_wconf 88' lang='lat'>6).</span> <span class='ocrx_word' id='word_1_191' title='bbox 630 2729 751 2792; x_wconf 87' lang='lat' dir='ltr'>ibidem</span> <span class='ocrx_word' id='word_1_192' title='bbox 776 2731 888 2792; x_wconf 91' lang='lat' dir='ltr'>honor.</span> <span class='ocrx_word' id='word_1_193' title='bbox 913 2731 997 2792; x_wconf 89' lang='lat' dir='ltr'>dnus</span> <span class='ocrx_word' id='word_1_194' title='bbox 1014 2730 1128 2793; x_wconf 91' lang='lat' dir='ltr'>Petrus</span> <span class='ocrx_word' id='word_1_195' title='bbox 1144 2731 1184 2792; x_wconf 94' lang='lat' dir='ltr'>de</span> <span class='ocrx_word' id='word_1_196' title='bbox 1201 2729 1349 2810; x_wconf 89' lang='lat' dir='ltr'>Goslyna</span> <span class='ocrx_word' id='word_1_197' title='bbox 1366 2732 1503 2792; x_wconf 86' lang='lat' dir='ltr'>vicarius</span> <span class='ocrx_word' id='word_1_198' title='bbox 1520 2731 1655 2793; x_wconf 88' lang='lat' dir='ltr'>ecclesie</span> <span class='ocrx_word' id='word_1_199' title='bbox 1671 2730 1810 2798; x_wconf 88' lang='lat' dir='ltr'>Poznan.</span> 
     </span>
     <span class='ocr_line' id='line_1_21' title="bbox 251 2836 1810 2918; baseline 0.001 -22"><span class='ocrx_word' id='word_1_200' title='bbox 251 2844 427 2916; x_wconf 89' lang='lat' dir='ltr'>perpetuus</span> <span class='ocrx_word' id='word_1_201' title='bbox 451 2845 484 2897; x_wconf 90' lang='lat' dir='ltr'>et</span> <span class='ocrx_word' id='word_1_202' title='bbox 508 2837 692 2899; x_wconf 90' lang='lat' dir='ltr'>vicecustos</span> <span class='ocrx_word' id='word_1_203' title='bbox 718 2837 759 2898; x_wconf 91' lang='lat' dir='ltr'>de</span> <span class='ocrx_word' id='word_1_204' title='bbox 782 2839 1002 2900; x_wconf 89' lang='lat' dir='ltr'>vicecustodia</span> <span class='ocrx_word' id='word_1_205' title='bbox 1027 2839 1151 2900; x_wconf 90' lang='lat' dir='ltr'>eteius</span> <span class='ocrx_word' id='word_1_206' title='bbox 1175 2836 1300 2908; x_wconf 82' lang='lat' dir='ltr'>officio,</span> <span class='ocrx_word' id='word_1_207' title='bbox 1326 2837 1414 2918; x_wconf 90' lang='lat' dir='ltr'>quod</span> <span class='ocrx_word' id='word_1_208' title='bbox 1439 2837 1574 2918; x_wconf 81' lang='lat' dir='ltr'>gerebat</span> <span class='ocrx_word' id='word_1_209' title='bbox 1599 2838 1628 2898; x_wconf 91' lang='lat' dir='ltr'>in</span> <span class='ocrx_word' id='word_1_210' title='bbox 1653 2838 1810 2900; x_wconf 88' lang='lat' dir='ltr'>hactenus</span> 
     </span>
     <span class='ocr_line' id='line_1_22' title="bbox 250 2939 1812 3026; baseline 0.001 -23"><span class='ocrx_word' id='word_1_211' title='bbox 250 2943 282 3004; x_wconf 93' lang='lat' dir='ltr'>in</span> <span class='ocrx_word' id='word_1_212' title='bbox 306 2939 440 3005; x_wconf 89' lang='lat' dir='ltr'>ecclesia</span> <span class='ocrx_word' id='word_1_213' title='bbox 464 2941 610 3014; x_wconf 90' lang='lat' dir='ltr'>Poznan.,</span> <span class='ocrx_word' id='word_1_214' title='bbox 646 2945 743 3006; x_wconf 90' lang='lat' dir='ltr'>cessit</span> <span class='ocrx_word' id='word_1_215' title='bbox 771 2944 914 3026; x_wconf 90' lang='lat' dir='ltr'>illudque</span> <span class='ocrx_word' id='word_1_216' title='bbox 937 2945 1057 3006; x_wconf 91' lang='lat' dir='ltr'>dimisit</span> <span class='ocrx_word' id='word_1_217' title='bbox 1080 2953 1215 3024; x_wconf 89' lang='lat' dir='ltr'>propter</span> <span class='ocrx_word' id='word_1_218' title='bbox 1239 2945 1553 3026; x_wconf 82' lang='lat' dir='ltr'>peregrinacionem,</span> <span class='ocrx_word' id='word_1_219' title='bbox 1589 2943 1629 3005; x_wconf 90' lang='lat' dir='ltr'>ad</span> <span class='ocrx_word' id='word_1_220' title='bbox 1655 2964 1751 3026; x_wconf 91' lang='lat' dir='ltr'>quam</span> <span class='ocrx_word' id='word_1_221' title='bbox 1776 2963 1812 3005; x_wconf 94' lang='lat' dir='ltr'>se</span> 
     </span>
     <span class='ocr_line' id='line_1_23' title="bbox 250 3050 1806 3132; baseline 0.001 -21"><span class='ocrx_word' id='word_1_222' title='bbox 250 3059 351 3130; x_wconf 87' lang='lat' dir='ltr'>parat,</span> <span class='ocrx_word' id='word_1_223' title='bbox 376 3070 436 3130; x_wconf 91' lang='lat' dir='ltr'>pro</span> <span class='ocrx_word' id='word_1_224' title='bbox 460 3050 643 3112; x_wconf 91' lang='lat' dir='ltr'>iubileo</span> <span class='ocrx_word' id='word_1_225' title='bbox 668 3052 899 3132; x_wconf 89' lang='lat' dir='ltr'>consequendo</span> <span class='ocrx_word' id='word_1_226' title='bbox 923 3052 963 3112; x_wconf 91' lang='lat' dir='ltr'>ad</span> <span class='ocrx_word' id='word_1_227' title='bbox 988 3052 1164 3112; x_wconf 88' lang='lat' dir='ltr'>curiam</span> <span class='ocrx_word' id='word_1_228' title='bbox 1188 3051 1458 3124; x_wconf 88' lang='lat' dir='ltr'>Romanam,</span> <span class='ocrx_word' id='word_1_229' title='bbox 1484 3061 1600 3130; x_wconf 87' lang='lat' dir='ltr'>petens</span> <span class='ocrx_word' id='word_1_230' title='bbox 1624 3051 1733 3112; x_wconf 88' lang='lat' dir='ltr'>claves</span> <span class='ocrx_word' id='word_1_231' title='bbox 1757 3071 1806 3112; x_wconf 90' lang='lat' dir='ltr'>ec·</span> 
     </span>
     <span class='ocr_line' id='line_1_24' title="bbox 249 3155 1809 3239; baseline 0.001 -21"><span class='ocrx_word' id='word_1_232' title='bbox 249 3157 346 3218; x_wconf 90' lang='lat' dir='ltr'>clesie</span> <span class='ocrx_word' id='word_1_233' title='bbox 371 3155 511 3218; x_wconf 88' lang='lat' dir='ltr'>thezauri</span> <span class='ocrx_word' id='word_1_234' title='bbox 537 3157 692 3218; x_wconf 84' lang='lat' dir='ltr'>inferioris</span> <span class='ocrx_word' id='word_1_235' title='bbox 716 3178 754 3220; x_wconf 88' lang='lat' dir='ltr'>ac</span> <span class='ocrx_word' id='word_1_236' title='bbox 778 3159 921 3221; x_wconf 90' lang='lat' dir='ltr'>sacristie</span> <span class='ocrx_word' id='word_1_237' title='bbox 944 3159 1173 3239; x_wconf 88' lang='lat' dir='ltr'>racionemque</span> <span class='ocrx_word' id='word_1_238' title='bbox 1198 3159 1238 3220; x_wconf 90' lang='lat' dir='ltr'>de</span> <span class='ocrx_word' id='word_1_239' title='bbox 1263 3159 1431 3230; x_wconf 91' lang='lat' dir='ltr'>clenodiis,</span> <span class='ocrx_word' id='word_1_240' title='bbox 1455 3159 1615 3230; x_wconf 88' lang='lat' dir='ltr'>calicibus,</span> <span class='ocrx_word' id='word_1_241' title='bbox 1642 3159 1809 3221; x_wconf 87' lang='lat' dir='ltr'>ornatibus</span> 
     </span>
     <span class='ocr_line' id='line_1_25' title="bbox 248 3264 1810 3345; baseline 0 -19"><span class='ocrx_word' id='word_1_242' title='bbox 248 3275 283 3326; x_wconf 89' lang='lat' dir='ltr'>et</span> <span class='ocrx_word' id='word_1_243' title='bbox 306 3265 375 3326; x_wconf 86' lang='lat' dir='ltr'>aliis</span> <span class='ocrx_word' id='word_1_244' title='bbox 400 3265 495 3325; x_wconf 90' lang='lat' dir='ltr'>rebus</span> <span class='ocrx_word' id='word_1_245' title='bbox 528 3265 586 3327; x_wconf 90' lang='lat' dir='ltr'>sibi</span> <span class='ocrx_word' id='word_1_246' title='bbox 612 3265 740 3327; x_wconf 84' lang='lat' dir='ltr'>creditis</span> <span class='ocrx_word' id='word_1_247' title='bbox 765 3275 797 3327; x_wconf 90' lang='lat' dir='ltr'>et</span> <span class='ocrx_word' id='word_1_248' title='bbox 822 3265 862 3326; x_wconf 92' lang='lat' dir='ltr'>ad</span> <span class='ocrx_word' id='word_1_249' title='bbox 897 3264 1146 3327; x_wconf 87' lang='lat' dir='ltr'>custodiendum</span> <span class='ocrx_word' id='word_1_250' title='bbox 1182 3265 1364 3327; x_wconf 91' lang='lat' dir='ltr'>commissis</span> <span class='ocrx_word' id='word_1_251' title='bbox 1399 3265 1505 3326; x_wconf 90' lang='lat' dir='ltr'>abeo</span> <span class='ocrx_word' id='word_1_252' title='bbox 1540 3266 1648 3345; x_wconf 90' lang='lat' dir='ltr'>recipi.</span> <span class='ocrx_word' id='word_1_253' title='bbox 1689 3265 1731 3328; x_wconf 90' lang='lat' dir='ltr'>Et</span> <span class='ocrx_word' id='word_1_254' title='bbox 1756 3267 1810 3327; x_wconf 92' lang='lat' dir='ltr'>dni</span> 
     </span>
     <span class='ocr_line' id='line_1_26' title="bbox 250 3371 1807 3453; baseline 0 -21"><span class='ocrx_word' id='word_1_255' title='bbox 250 3373 422 3433; x_wconf 89' lang='lat' dir='ltr'>terminum</span> <span class='ocrx_word' id='word_1_256' title='bbox 447 3372 488 3433; x_wconf 89' lang='lat' dir='ltr'>ad</span> <span class='ocrx_word' id='word_1_257' title='bbox 512 3371 597 3434; x_wconf 88' lang='lat' dir='ltr'>idem</span> <span class='ocrx_word' id='word_1_258' title='bbox 624 3372 804 3434; x_wconf 88' lang='lat' dir='ltr'>laciendum</span> <span class='ocrx_word' id='word_1_259' title='bbox 829 3393 889 3453; x_wconf 92' lang='lat' dir='ltr'>pro</span> <span class='ocrx_word' id='word_1_260' title='bbox 913 3371 932 3432; x_wconf 87' lang='lat' dir='ltr'>s.</span> <span class='ocrx_word' id='word_1_261' title='bbox 959 3372 1021 3434; x_wconf 89' lang='lat' dir='ltr'>2da</span> <span class='ocrx_word' id='word_1_262' title='bbox 1046 3391 1140 3452; x_wconf 86' lang='lat' dir='ltr'>prox.</span> <span class='ocrx_word' id='word_1_263' title='bbox 1165 3383 1303 3432; x_wconf 86' lang='lat' dir='ltr'>ventura</span> <span class='ocrx_word' id='word_1_264' title='bbox 1328 3381 1525 3444; x_wconf 88' lang='lat' dir='ltr'>statuerunt,</span> <span class='ocrx_word' id='word_1_265' title='bbox 1560 3373 1807 3452; x_wconf 84' lang='lat' dir='ltr'>assignaverunt</span> 
     </span>
     <span class='ocr_line' id='line_1_27' title="bbox 249 3479 1743 3560; baseline -0.001 -21"><span class='ocrx_word' id='word_1_266' title='bbox 249 3487 283 3539; x_wconf 92' lang='lat' dir='ltr'>et</span> <span class='ocrx_word' id='word_1_267' title='bbox 307 3489 576 3560; x_wconf 86' lang='lat' dir='ltr'>prorogaverunt.</span> <span class='ocrx_word' id='word_1_268' title='bbox 602 3479 645 3540; x_wconf 85' lang='lat' dir='ltr'>Et</span> <span class='ocrx_word' id='word_1_269' title='bbox 668 3479 814 3542; x_wconf 88' lang='lat' dir='ltr'>similiter</span> <span class='ocrx_word' id='word_1_270' title='bbox 838 3499 898 3560; x_wconf 93' lang='lat' dir='ltr'>pru</span> <span class='ocrx_word' id='word_1_271' title='bbox 922 3479 1083 3542; x_wconf 91' lang='lat' dir='ltr'>electione</span> <span class='ocrx_word' id='word_1_272' title='bbox 1106 3487 1139 3540; x_wconf 91' lang='lat' dir='ltr'>et</span> <span class='ocrx_word' id='word_1_273' title='bbox 1163 3480 1352 3558; x_wconf 89' lang='lat' dir='ltr'>receptione</span> <span class='ocrx_word' id='word_1_274' title='bbox 1378 3480 1491 3540; x_wconf 88' lang='lat' dir='ltr'>novicii</span> <span class='ocrx_word' id='word_1_275' title='bbox 1518 3479 1743 3540; x_wconf 87' lang='lat' dir='ltr'>vicecustodis.</span> 
     </span>
    </p>
   </div>
   <div class='ocr_carea' id='block_1_6' title="bbox 462 3686 1079 3770">
    <p class='ocr_par' dir='ltr' id='par_1_6' title="bbox 462 3686 1079 3770">
     <span class='ocr_line' id='line_1_28' title="bbox 462 3686 1079 3770; baseline 0 -20"><span class='ocrx_word' id='word_1_276' title='bbox 462 3686 504 3750; x_wconf 83' lang='lat' dir='ltr'>A.</span> <span class='ocrx_word' id='word_1_277' title='bbox 534 3701 632 3768; x_wconf 83' lang='lat'>1500,</span> <span class='ocrx_word' id='word_1_278' title='bbox 657 3687 765 3752; x_wconf 90' lang='lat' dir='ltr'>Martii</span> <span class='ocrx_word' id='word_1_279' title='bbox 794 3706 846 3768; x_wconf 86' lang='lat'>13,</span> <span class='ocrx_word' id='word_1_280' title='bbox 871 3690 901 3750; x_wconf 91' lang='lat' dir='ltr'>in</span> <span class='ocrx_word' id='word_1_281' title='bbox 926 3687 1079 3770; x_wconf 91' lang='lat' dir='ltr'>capitulo.</span> 
     </span>
    </p>
   </div>
   <div class='ocr_carea' id='block_1_7' title="bbox 242 3825 1806 4984">
    <p class='ocr_par' dir='ltr' id='par_1_7' title="bbox 242 3825 1806 4984">
     <span class='ocr_line' id='line_1_29' title="bbox 355 3825 1803 3910; baseline -0.001 -15"><span class='ocrx_word' id='word_1_282' title='bbox 355 3825 529 3910; x_wconf 78' lang='lat' dir='ltr'>909.(V1.</span> <span class='ocrx_word' id='word_1_283' title='bbox 553 3831 596 3909; x_wconf 84' lang='lat'>9).</span> <span class='ocrx_word' id='word_1_284' title='bbox 622 3829 809 3893; x_wconf 88' lang='lat' dir='ltr'>Consensus</span> <span class='ocrx_word' id='word_1_285' title='bbox 834 3832 864 3892; x_wconf 91' lang='lat' dir='ltr'>in</span> <span class='ocrx_word' id='word_1_286' title='bbox 888 3831 1072 3893; x_wconf 87' lang='lat' dir='ltr'>wederkuw</span> <span class='ocrx_word' id='word_1_287' title='bbox 1097 3829 1288 3893; x_wconf 85' lang='lat' dir='ltr'>Frankford.</span> <span class='ocrx_word' id='word_1_288' title='bbox 1313 3866 1355 3875; x_wconf 91' lang='lat'>—-</span> <span class='ocrx_word' id='word_1_289' title='bbox 1372 3829 1494 3892; x_wconf 89' lang='lat' dir='ltr'>Ibidem</span> <span class='ocrx_word' id='word_1_290' title='bbox 1519 3829 1634 3910; x_wconf 84' lang='lat' dir='ltr'>prelati</span> <span class='ocrx_word' id='word_1_291' title='bbox 1658 3829 1712 3892; x_wconf 92' lang='lat' dir='ltr'>dni</span> <span class='ocrx_word' id='word_1_292' title='bbox 1729 3850 1803 3893; x_wconf 92' lang='lat' dir='ltr'>cun-</span> 
     </span>
     <span class='ocr_line' id='line_1_30' title="bbox 247 3937 1805 4018; baseline 0 -18"><span class='ocrx_word' id='word_1_293' title='bbox 247 3948 419 4000; x_wconf 87' lang='lat' dir='ltr'>senserunl</span> <span class='ocrx_word' id='word_1_294' title='bbox 444 3949 477 4000; x_wconf 91' lang='lat' dir='ltr'>et</span> <span class='ocrx_word' id='word_1_295' title='bbox 508 3938 539 3998; x_wconf 93' lang='lat' dir='ltr'>in</span> <span class='ocrx_word' id='word_1_296' title='bbox 572 3940 739 4018; x_wconf 87' lang='lat' dir='ltr'>presencia</span> <span class='ocrx_word' id='word_1_297' title='bbox 775 3937 983 4018; x_wconf 90' lang='lat' dir='ltr'>providorum</span> <span class='ocrx_word' id='word_1_298' title='bbox 1020 3937 1112 4000; x_wconf 88' lang='lat' dir='ltr'>Helie</span> <span class='ocrx_word' id='word_1_299' title='bbox 1148 3947 1181 3999; x_wconf 90' lang='lat' dir='ltr'>et</span> <span class='ocrx_word' id='word_1_300' title='bbox 1215 3937 1367 4000; x_wconf 89' lang='lat' dir='ltr'>Iohannis</span> <span class='ocrx_word' id='word_1_301' title='bbox 1401 3937 1561 3998; x_wconf 86' lang='lat' dir='ltr'>Bucholcz</span> <span class='ocrx_word' id='word_1_302' title='bbox 1597 3939 1712 3998; x_wconf 89' lang='lat' dir='ltr'>civium</span> <span class='ocrx_word' id='word_1_303' title='bbox 1748 3960 1805 4000; x_wconf 90' lang='lat' dir='ltr'>seu</span> 
     </span>
     <span class='ocr_line' id='line_1_31' title="bbox 247 4043 1805 4127; baseline 0 -19"><span class='ocrx_word' id='word_1_304' title='bbox 247 4057 466 4108; x_wconf 88' lang='lat' dir='ltr'>mercatorum</span> <span class='ocrx_word' id='word_1_305' title='bbox 501 4046 614 4127; x_wconf 91' lang='lat' dir='ltr'>oppidi</span> <span class='ocrx_word' id='word_1_306' title='bbox 640 4045 821 4108; x_wconf 83' lang='lat' dir='ltr'>Franksord</span> <span class='ocrx_word' id='word_1_307' title='bbox 854 4067 953 4127; x_wconf 88' lang='lat' dir='ltr'>supra</span> <span class='ocrx_word' id='word_1_308' title='bbox 975 4045 1106 4108; x_wconf 89' lang='lat' dir='ltr'>fluvium</span> <span class='ocrx_word' id='word_1_309' title='bbox 1131 4043 1221 4109; x_wconf 88' lang='lat' dir='ltr'>Odra</span> <span class='ocrx_word' id='word_1_310' title='bbox 1246 4047 1306 4118; x_wconf 87' lang='lat' dir='ltr'>siti,</span> <span class='ocrx_word' id='word_1_311' title='bbox 1331 4046 1520 4106; x_wconf 90' lang='lat' dir='ltr'>nunciorum</span> <span class='ocrx_word' id='word_1_312' title='bbox 1546 4045 1747 4125; x_wconf 83' lang='lat' dir='ltr'>proconsulis</span> <span class='ocrx_word' id='word_1_313' title='bbox 1772 4056 1805 4108; x_wconf 91' lang='lat' dir='ltr'>et</span> 
     </span>
     <span class='ocr_line' id='line_1_32' title="bbox 246 4153 1805 4232; baseline -0.001 -17"><span class='ocrx_word' id='word_1_314' title='bbox 246 4154 416 4216; x_wconf 89' lang='lat' dir='ltr'>consulum</span> <span class='ocrx_word' id='word_1_315' title='bbox 440 4154 480 4214; x_wconf 92' lang='lat' dir='ltr'>de</span> <span class='ocrx_word' id='word_1_316' title='bbox 504 4153 623 4214; x_wconf 90' lang='lat' dir='ltr'>ibidem</span> <span class='ocrx_word' id='word_1_317' title='bbox 657 4173 731 4214; x_wconf 92' lang='lat' dir='ltr'>cum</span> <span class='ocrx_word' id='word_1_318' title='bbox 766 4153 881 4215; x_wconf 90' lang='lat' dir='ltr'>litteris</span> <span class='ocrx_word' id='word_1_319' title='bbox 916 4153 1085 4215; x_wconf 89' lang='lat' dir='ltr'>credencie</span> <span class='ocrx_word' id='word_1_320' title='bbox 1110 4153 1151 4214; x_wconf 91' lang='lat' dir='ltr'>ad</span> <span class='ocrx_word' id='word_1_321' title='bbox 1175 4153 1258 4215; x_wconf 93' lang='lat' dir='ltr'>dnus</span> <span class='ocrx_word' id='word_1_322' title='bbox 1290 4153 1493 4226; x_wconf 88' lang='lat' dir='ltr'>venientium,</span> <span class='ocrx_word' id='word_1_323' title='bbox 1531 4153 1748 4232; x_wconf 84' lang='lat' dir='ltr'>promiserunt</span> <span class='ocrx_word' id='word_1_324' title='bbox 1772 4162 1805 4214; x_wconf 90' lang='lat' dir='ltr'>et</span> 
     </span>
     <span class='ocr_line' id='line_1_33' title="bbox 245 4259 1806 4341; baseline -0.001 -19"><span class='ocrx_word' id='word_1_325' title='bbox 245 4260 474 4322; x_wconf 90' lang='lat' dir='ltr'>concluserunt</span> <span class='ocrx_word' id='word_1_326' title='bbox 497 4259 573 4320; x_wconf 90' lang='lat' dir='ltr'>dare</span> <span class='ocrx_word' id='word_1_327' title='bbox 596 4260 750 4340; x_wconf 90' lang='lat' dir='ltr'>predictis</span> <span class='ocrx_word' id='word_1_328' title='bbox 774 4260 845 4321; x_wconf 90' lang='lat' dir='ltr'>dnis</span> <span class='ocrx_word' id='word_1_329' title='bbox 869 4260 1053 4341; x_wconf 88' lang='lat' dir='ltr'>precunsuli</span> <span class='ocrx_word' id='word_1_330' title='bbox 1078 4271 1111 4321; x_wconf 85' lang='lat' dir='ltr'>et</span> <span class='ocrx_word' id='word_1_331' title='bbox 1136 4259 1321 4322; x_wconf 90' lang='lat' dir='ltr'>consulibus</span> <span class='ocrx_word' id='word_1_332' title='bbox 1345 4280 1382 4320; x_wconf 90' lang='lat' dir='ltr'>ac</span> <span class='ocrx_word' id='word_1_333' title='bbox 1408 4261 1469 4321; x_wconf 89' lang='lat' dir='ltr'>tuti</span> <span class='ocrx_word' id='word_1_334' title='bbox 1485 4260 1709 4322; x_wconf 86' lang='lat' dir='ltr'>communitati</span> <span class='ocrx_word' id='word_1_335' title='bbox 1735 4281 1806 4340; x_wconf 87' lang='lat' dir='ltr'>pre-</span> 
     </span>
     <span class='ocr_line' id='line_1_34' title="bbox 245 4365 1802 4448; baseline -0.001 -18"><span class='ocrx_word' id='word_1_336' title='bbox 245 4367 438 4430; x_wconf 89' lang='lat' dir='ltr'>mentionati</span> <span class='ocrx_word' id='word_1_337' title='bbox 472 4366 583 4446; x_wconf 92' lang='lat' dir='ltr'>oppidi</span> <span class='ocrx_word' id='word_1_338' title='bbox 607 4365 785 4428; x_wconf 84' lang='lat' dir='ltr'>Francford</span> <span class='ocrx_word' id='word_1_339' title='bbox 818 4365 903 4428; x_wconf 91' lang='lat' dir='ltr'>mille</span> <span class='ocrx_word' id='word_1_340' title='bbox 927 4367 995 4428; x_wconf 84' lang='lat' dir='ltr'>llor.</span> <span class='ocrx_word' id='word_1_341' title='bbox 1022 4367 1165 4448; x_wconf 86' lang='lat' dir='ltr'>Hungar.</span> <span class='ocrx_word' id='word_1_342' title='bbox 1190 4366 1375 4448; x_wconf 86' lang='lat' dir='ltr'>principalis</span> <span class='ocrx_word' id='word_1_343' title='bbox 1400 4387 1456 4428; x_wconf 92' lang='lat' dir='ltr'>seu</span> <span class='ocrx_word' id='word_1_344' title='bbox 1481 4367 1630 4446; x_wconf 89' lang='lat' dir='ltr'>capitalis</span> <span class='ocrx_word' id='word_1_345' title='bbox 1666 4369 1802 4444; x_wconf 90' lang='lat' dir='ltr'>pecunie</span> 
     </span>
     <span class='ocr_line' id='line_1_35' title="bbox 245 4473 1803 4554; baseline -0.002 -17"><span class='ocrx_word' id='word_1_346' title='bbox 245 4496 352 4538; x_wconf 89' lang='lat' dir='ltr'>vener.</span> <span class='ocrx_word' id='word_1_347' title='bbox 376 4473 509 4554; x_wconf 89' lang='lat' dir='ltr'>capituli</span> <span class='ocrx_word' id='word_1_348' title='bbox 532 4473 668 4536; x_wconf 90' lang='lat' dir='ltr'>ecclesie</span> <span class='ocrx_word' id='word_1_349' title='bbox 693 4473 830 4536; x_wconf 89' lang='lat' dir='ltr'>Poznan.</span> <span class='ocrx_word' id='word_1_350' title='bbox 855 4495 915 4553; x_wconf 90' lang='lat' dir='ltr'>pro</span> <span class='ocrx_word' id='word_1_351' title='bbox 940 4475 1078 4536; x_wconf 91' lang='lat' dir='ltr'>emendo</span> <span class='ocrx_word' id='word_1_352' title='bbox 1102 4495 1201 4535; x_wconf 89' lang='lat' dir='ltr'>censu</span> <span class='ocrx_word' id='word_1_353' title='bbox 1233 4495 1341 4535; x_wconf 90' lang='lat' dir='ltr'>annuo</span> <span class='ocrx_word' id='word_1_354' title='bbox 1365 4473 1393 4533; x_wconf 94' lang='lat' dir='ltr'>L</span> <span class='ocrx_word' id='word_1_355' title='bbox 1418 4473 1612 4535; x_wconf 83' lang='lat' dir='ltr'>florenorum</span> <span class='ocrx_word' id='word_1_356' title='bbox 1641 4473 1735 4534; x_wconf 92' lang='lat' dir='ltr'>titulo</span> <span class='ocrx_word' id='word_1_357' title='bbox 1759 4493 1803 4534; x_wconf 89' lang='lat' dir='ltr'>re·</span> 
     </span>
     <span class='ocr_line' id='line_1_36' title="bbox 244 4579 1804 4662; baseline -0.003 -18"><span class='ocrx_word' id='word_1_358' title='bbox 244 4583 420 4662; x_wconf 89' lang='lat' dir='ltr'>emptionis</span> <span class='ocrx_word' id='word_1_359' title='bbox 445 4601 502 4660; x_wconf 92' lang='lat' dir='ltr'>per</span> <span class='ocrx_word' id='word_1_360' title='bbox 526 4579 630 4642; x_wconf 90' lang='lat' dir='ltr'>dictos</span> <span class='ocrx_word' id='word_1_361' title='bbox 655 4581 881 4661; x_wconf 89' lang='lat' dir='ltr'>preconsulcm</span> <span class='ocrx_word' id='word_1_362' title='bbox 906 4592 939 4642; x_wconf 92' lang='lat' dir='ltr'>et</span> <span class='ocrx_word' id='word_1_363' title='bbox 963 4581 1114 4644; x_wconf 89' lang='lat' dir='ltr'>consules</span> <span class='ocrx_word' id='word_1_364' title='bbox 1138 4600 1176 4642; x_wconf 89' lang='lat' dir='ltr'>ac</span> <span class='ocrx_word' id='word_1_365' title='bbox 1201 4590 1307 4642; x_wconf 89' lang='lat' dir='ltr'>totum</span> <span class='ocrx_word' id='word_1_366' title='bbox 1331 4600 1504 4642; x_wconf 87' lang='lat' dir='ltr'>commune</span> <span class='ocrx_word' id='word_1_367' title='bbox 1530 4579 1666 4660; x_wconf 88' lang='lat' dir='ltr'>predicti</span> <span class='ocrx_word' id='word_1_368' title='bbox 1691 4580 1804 4660; x_wconf 91' lang='lat' dir='ltr'>oppidi</span> 
     </span>
     <span class='ocr_line' id='line_1_37' title="bbox 242 4686 1805 4768; baseline -0.003 -17"><span class='ocrx_word' id='word_1_369' title='bbox 242 4689 445 4752; x_wconf 85' lang='lat' dir='ltr'>Francklord</span> <span class='ocrx_word' id='word_1_370' title='bbox 470 4687 596 4768; x_wconf 84' lang='lat' dir='ltr'>prefato</span> <span class='ocrx_word' id='word_1_371' title='bbox 621 4707 728 4750; x_wconf 87' lang='lat' dir='ltr'>vener.</span> <span class='ocrx_word' id='word_1_372' title='bbox 753 4688 896 4768; x_wconf 86' lang='lat' dir='ltr'>capitulo</span> <span class='ocrx_word' id='word_1_373' title='bbox 932 4689 1069 4750; x_wconf 88' lang='lat' dir='ltr'>Poznan.</span> <span class='ocrx_word' id='word_1_374' title='bbox 1095 4688 1254 4752; x_wconf 86' lang='lat' dir='ltr'>solvendo</span> <span class='ocrx_word' id='word_1_375' title='bbox 1286 4689 1375 4749; x_wconf 84' lang='lat' dir='ltr'>iuxta</span> <span class='ocrx_word' id='word_1_376' title='bbox 1400 4689 1539 4749; x_wconf 89' lang='lat' dir='ltr'>minutas</span> <span class='ocrx_word' id='word_1_377' title='bbox 1563 4686 1703 4765; x_wconf 89' lang='lat' dir='ltr'>desuper</span> <span class='ocrx_word' id='word_1_378' title='bbox 1727 4707 1805 4747; x_wconf 91' lang='lat' dir='ltr'>con-</span> 
     </span>
     <span class='ocr_line' id='line_1_38' title="bbox 244 4791 1805 4876; baseline -0.002 -18"><span class='ocrx_word' id='word_1_379' title='bbox 244 4797 347 4860; x_wconf 86' lang='lat' dir='ltr'>sectas</span> <span class='ocrx_word' id='word_1_380' title='bbox 379 4805 412 4858; x_wconf 89' lang='lat' dir='ltr'>et</span> <span class='ocrx_word' id='word_1_381' title='bbox 443 4793 566 4857; x_wconf 89' lang='lat' dir='ltr'>eisdem</span> <span class='ocrx_word' id='word_1_382' title='bbox 591 4795 715 4856; x_wconf 92' lang='lat' dir='ltr'>nunciis</span> <span class='ocrx_word' id='word_1_383' title='bbox 739 4795 875 4872; x_wconf 87' lang='lat' dir='ltr'>dandas;</span> <span class='ocrx_word' id='word_1_384' title='bbox 900 4797 1107 4876; x_wconf 88' lang='lat' dir='ltr'>presentibus</span> <span class='ocrx_word' id='word_1_385' title='bbox 1130 4795 1227 4858; x_wconf 91' lang='lat' dir='ltr'>Petro</span> <span class='ocrx_word' id='word_1_386' title='bbox 1252 4794 1415 4856; x_wconf 87' lang='lat' dir='ltr'>Bucherer</span> <span class='ocrx_word' id='word_1_387' title='bbox 1439 4796 1509 4854; x_wconf 86' lang='lat' dir='ltr'>cive</span> <span class='ocrx_word' id='word_1_388' title='bbox 1537 4792 1676 4855; x_wconf 87' lang='lat' dir='ltr'>Poznan.</span> <span class='ocrx_word' id='word_1_389' title='bbox 1701 4804 1734 4854; x_wconf 90' lang='lat' dir='ltr'>ct</span> <span class='ocrx_word' id='word_1_390' title='bbox 1757 4791 1805 4855; x_wconf 92' lang='lat' dir='ltr'>lo·</span> 
     </span>
     <span class='ocr_line' id='line_1_39' title="bbox 243 4901 1200 4984; baseline -0.002 -18"><span class='ocrx_word' id='word_1_391' title='bbox 243 4902 350 4966; x_wconf 90' lang='lat' dir='ltr'>hanne</span> <span class='ocrx_word' id='word_1_392' title='bbox 374 4913 606 4984; x_wconf 87' lang='lat' dir='ltr'>campanature</span> <span class='ocrx_word' id='word_1_393' title='bbox 630 4901 775 4964; x_wconf 88' lang='lat' dir='ltr'>eiusdem</span> <span class='ocrx_word' id='word_1_394' title='bbox 800 4901 936 4963; x_wconf 90' lang='lat' dir='ltr'>ecclesie</span> <span class='ocrx_word' id='word_1_395' title='bbox 961 4901 1200 4965; x_wconf 88' lang='lat' dir='ltr'>Poznaniensis.</span> 
     </span>
    </p>
   </div>
   <div class='ocr_carea' id='block_1_8' title="bbox 458 5111 1178 5194">
    <p class='ocr_par' dir='ltr' id='par_1_8' title="bbox 458 5111 1178 5194">
     <span class='ocr_line' id='line_1_40' title="bbox 458 5111 1178 5194; baseline 0.001 -21"><span class='ocrx_word' id='word_1_396' title='bbox 458 5111 501 5174; x_wconf 88' lang='lat' dir='ltr'>A.</span> <span class='ocrx_word' id='word_1_397' title='bbox 530 5127 628 5193; x_wconf 79' lang='lat'>1500,</span> <span class='ocrx_word' id='word_1_398' title='bbox 652 5111 720 5174; x_wconf 90' lang='lat' dir='ltr'>Iulii</span> <span class='ocrx_word' id='word_1_399' title='bbox 743 5132 780 5191; x_wconf 87' lang='lat'>4,</span> <span class='ocrx_word' id='word_1_400' title='bbox 804 5113 836 5175; x_wconf 92' lang='lat' dir='ltr'>in</span> <span class='ocrx_word' id='word_1_401' title='bbox 861 5111 1004 5192; x_wconf 89' lang='lat' dir='ltr'>capitulo</span> <span class='ocrx_word' id='word_1_402' title='bbox 1028 5112 1178 5194; x_wconf 85' lang='lat' dir='ltr'>generali.</span> 
     </span>
    </p>
   </div>
   <div class='ocr_carea' id='block_1_9' title="bbox 240 5250 1802 5548">
    <p class='ocr_par' dir='ltr' id='par_1_9' title="bbox 240 5250 1802 5548">
     <span class='ocr_line' id='line_1_41' title="bbox 380 5250 1802 5336; baseline -0.004 -18"><span class='ocrx_word' id='word_1_403' title='bbox 380 5250 439 5318; x_wconf 85' lang='grc'>10.</span> <span class='ocrx_word' id='word_1_404' title='bbox 466 5253 534 5336; x_wconf 87' lang='lat' dir='ltr'>(VI.</span> <span class='ocrx_word' id='word_1_405' title='bbox 565 5253 621 5336; x_wconf 86' lang='lat'>16).</span> <span class='ocrx_word' id='word_1_406' title='bbox 645 5253 781 5318; x_wconf 86' lang='lat' dir='ltr'>insertio</span> <span class='ocrx_word' id='word_1_407' title='bbox 806 5257 919 5318; x_wconf 90' lang='lat' dir='ltr'>statuti</span> <span class='ocrx_word' id='word_1_408' title='bbox 943 5256 983 5316; x_wconf 92' lang='lat' dir='ltr'>de</span> <span class='ocrx_word' id='word_1_409' title='bbox 1008 5255 1149 5316; x_wconf 87' lang='lat' dir='ltr'>decimis.</span> <span class='ocrx_word' id='word_1_410' title='bbox 1175 5289 1216 5298; x_wconf 90' lang='lat'>—</span> <span class='ocrx_word' id='word_1_411' title='bbox 1240 5252 1363 5315; x_wconf 91' lang='lat' dir='ltr'>Ibidem</span> <span class='ocrx_word' id='word_1_412' title='bbox 1388 5253 1598 5334; x_wconf 90' lang='lat' dir='ltr'>suprascripti</span> <span class='ocrx_word' id='word_1_413' title='bbox 1622 5251 1676 5311; x_wconf 93' lang='lat' dir='ltr'>dni</span> <span class='ocrx_word' id='word_1_414' title='bbox 1701 5258 1802 5312; x_wconf 90' lang='lat' dir='ltr'>statu-</span> 
     </span>
     <span class='ocr_line' id='line_1_42' title="bbox 241 5357 1800 5442; baseline -0.004 -19"><span class='ocrx_word' id='word_1_415' title='bbox 241 5373 310 5424; x_wconf 91' lang='lat' dir='ltr'>tum</span> <span class='ocrx_word' id='word_1_416' title='bbox 334 5359 398 5423; x_wconf 91' lang='lat' dir='ltr'>divi</span> <span class='ocrx_word' id='word_1_417' title='bbox 422 5359 555 5442; x_wconf 86' lang='lat' dir='ltr'>Sbignei</span> <span class='ocrx_word' id='word_1_418' title='bbox 589 5361 731 5442; x_wconf 89' lang='lat' dir='ltr'>archiepi</span> <span class='ocrx_word' id='word_1_419' title='bbox 766 5359 886 5424; x_wconf 90' lang='lat' dir='ltr'>Gnezn.</span> <span class='ocrx_word' id='word_1_420' title='bbox 923 5371 956 5424; x_wconf 92' lang='lat' dir='ltr'>et</span> <span class='ocrx_word' id='word_1_421' title='bbox 992 5362 1138 5442; x_wconf 88' lang='lat' dir='ltr'>primatis</span> <span class='ocrx_word' id='word_1_422' title='bbox 1170 5369 1282 5422; x_wconf 89' lang='lat' dir='ltr'>atuta</span> <span class='ocrx_word' id='word_1_423' title='bbox 1318 5360 1483 5439; x_wconf 91' lang='lat' dir='ltr'>pruvincia</span> <span class='ocrx_word' id='word_1_424' title='bbox 1518 5369 1551 5420; x_wconf 90' lang='lat' dir='ltr'>et</span> <span class='ocrx_word' id='word_1_425' title='bbox 1586 5357 1628 5418; x_wconf 89' lang='lat' dir='ltr'>ab</span> <span class='ocrx_word' id='word_1_426' title='bbox 1665 5357 1800 5418; x_wconf 87' lang='lat' dir='ltr'>ecclesia</span> 
     </span>
     <span class='ocr_line' id='line_1_43' title="bbox 240 5466 1799 5548; baseline -0.003 -18"><span class='ocrx_word' id='word_1_427' title='bbox 240 5467 380 5530; x_wconf 88' lang='lat' dir='ltr'>Poznan.</span> <span class='ocrx_word' id='word_1_428' title='bbox 405 5468 525 5530; x_wconf 91' lang='lat' dir='ltr'>dudum</span> <span class='ocrx_word' id='word_1_429' title='bbox 548 5476 716 5548; x_wconf 87' lang='lat' dir='ltr'>receptum</span> <span class='ocrx_word' id='word_1_430' title='bbox 740 5477 773 5530; x_wconf 93' lang='lat' dir='ltr'>et</span> <span class='ocrx_word' id='word_1_431' title='bbox 796 5468 1014 5548; x_wconf 89' lang='lat' dir='ltr'>approbatum</span> <span class='ocrx_word' id='word_1_432' title='bbox 1050 5489 1088 5529; x_wconf 91' lang='lat' dir='ltr'>ac</span> <span class='ocrx_word' id='word_1_433' title='bbox 1112 5469 1323 5547; x_wconf 85' lang='lat' dir='ltr'>practicatum</span> <span class='ocrx_word' id='word_1_434' title='bbox 1360 5466 1400 5527; x_wconf 89' lang='lat' dir='ltr'>de</span> <span class='ocrx_word' id='word_1_435' title='bbox 1425 5485 1511 5526; x_wconf 89' lang='lat' dir='ltr'>novo</span> <span class='ocrx_word' id='word_1_436' title='bbox 1547 5475 1740 5545; x_wconf 89' lang='lat' dir='ltr'>receperunt</span> <span class='ocrx_word' id='word_1_437' title='bbox 1765 5474 1799 5526; x_wconf 89' lang='lat' dir='ltr'>et</span> 
     </span>
    </p>
   </div>
   <div class='ocr_carea' id='block_1_10' title="bbox 239 5571 1801 5732">
    <p class='ocr_par' dir='ltr' id='par_1_10' title="bbox 239 5571 1801 5732">
     <span class='ocr_line' id='line_1_44' title="bbox 239 5571 1801 5655; baseline -0.004 -19"><span class='ocrx_word' id='word_1_438' title='bbox 239 5575 505 5655; x_wconf 89' lang='lat' dir='ltr'>approbaverunt</span> <span class='ocrx_word' id='word_1_439' title='bbox 528 5595 566 5638; x_wconf 89' lang='lat' dir='ltr'>ac</span> <span class='ocrx_word' id='word_1_440' title='bbox 590 5576 715 5639; x_wconf 86' lang='lat' dir='ltr'>intuta</span> <span class='ocrx_word' id='word_1_441' title='bbox 739 5575 859 5638; x_wconf 89' lang='lat' dir='ltr'>diocesi</span> <span class='ocrx_word' id='word_1_442' title='bbox 896 5575 1032 5638; x_wconf 88' lang='lat' dir='ltr'>Poznan.</span> <span class='ocrx_word' id='word_1_443' title='bbox 1070 5574 1329 5655; x_wconf 90' lang='lat' dir='ltr'>practicandum,</span> <span class='ocrx_word' id='word_1_444' title='bbox 1366 5573 1543 5634; x_wconf 89' lang='lat' dir='ltr'>tenendum</span> <span class='ocrx_word' id='word_1_445' title='bbox 1569 5583 1602 5632; x_wconf 91' lang='lat' dir='ltr'>et</span> <span class='ocrx_word' id='word_1_446' title='bbox 1626 5571 1801 5632; x_wconf 86' lang='lat' dir='ltr'>observan-</span> 
     </span>
     <span class='ocr_line' id='line_1_45' title="bbox 347 5675 1629 5732; baseline -0.004 -1"><span class='ocrx_word' id='word_1_447' title='bbox 347 5687 443 5732; x_wconf 78' lang='lat' dir='ltr'>Monum.</span> <span class='ocrx_word' id='word_1_448' title='bbox 459 5685 523 5728; x_wconf 78' lang='lat' dir='ltr'>medii</span> <span class='ocrx_word' id='word_1_449' title='bbox 536 5688 584 5728; x_wconf 75' lang='lat' dir='ltr'>aevi</span> <span class='ocrx_word' id='word_1_450' title='bbox 601 5687 651 5728; x_wconf 73' lang='lat' dir='ltr'>nist.</span> <span class='ocrx_word' id='word_1_451' title='bbox 672 5687 735 5727; x_wconf 91' lang='lat' dir='ltr'>x111.</span> <span class='ocrx_word' id='word_1_452' title='bbox 1595 5675 1629 5726; x_wconf 81' lang='lat'>22</span> 
     </span>
    </p>
   </div>
   <div class='ocr_carea' id='block_1_11' title="bbox 0 0 2212 6364">
    <p class='ocr_par' dir='ltr' id='par_1_11' title="bbox 0 0 2212 6364">
     <span class='ocr_line' id='line_1_46' title="bbox 0 0 2212 6364; baseline 0 0"><span class='ocrx_word' id='word_1_453' title='bbox 0 0 2212 6364; x_wconf 95' lang='lat' dir='ltr'> </span> 
     </span>
    </p>
   </div>
  </div>
 </body>
</html>
