4416 6366
953 593 1048 644 ACTA
1067 593 1229 644 CAPITULI
1248 593 1504 646 POZNANIENSlS

450 809 614 869 canonicis
650 807 786 869 ecclesie
821 807 960 870 Poznan.
997 805 1188 870 Cracoviam
1226 828 1337 869 versus
1372 809 1403 869 in
1438 827 1611 889 personam
1648 827 1756 871 vener.
1793 808 1847 871 dni
1883 809 2012 872 Thome

450 911 715 995 Goczallcowsky
738 916 884 976 canonici
908 914 1045 976 Poznan.
1070 935 1168 996 super
1191 913 1279 977 facto
1307 917 1522 996 promotionis
1555 917 1713 978 libertatis
1744 936 1782 977 ac
1807 918 2012 998 negotiorum

450 1021 581 1101 capituli
614 1041 723 1083 coram
759 1020 839 1084 Smo
871 1021 936 1084 dno
972 1021 1253 1084 Alexandro
1289 1042 1365 1104 rege
1399 1023 1461 1083 iarn
1494 1021 1600 1084 electo
1632 1034 1665 1084 et
1689 1022 1849 1084 dominica
1871 1023 2014 1086 secunda

453 1127 626 1190 Adventus
651 1127 714 1190 Dni
739 1149 831 1209 prox.
857 1128 1012 1191 Cracovie
1036 1128 1225 1192 coronando
1249 1150 1287 1190 ac
1303 1131 1393 1210 regni
1418 1129 1605 1192 consiliariis
1630 1128 1734 1192 frende
1750 1128 1938 1192 scribendas
1955 1151 2012 1211 per

458 1255 512 1296 me
536 1237 695 1297 notarium
721 1247 754 1297 et
778 1237 974 1316 sigillandas.

667 1445 710 1508 A.
741 1459 839 1526 1501,
866 1446 1062 1509 Novembris
1087 1462 1146 1518 22,
1171 1447 1201 1508 in
1226 1446 1368 1528 capitulo
1393 1447 1544 1528 generali.

560 1583 647 1650 933.
683 1587 744 1667 (Vl
771 1589 845 1670 50⁰).
880 1588 961 1650 Item
994 1589 1207 1650 decreverunt
1238 1609 1281 1650 ex
1305 1587 1436 1667 speciali
1460 1586 1675 1668 deputacione
1700 1600 1809 1669 preter
1832 1589 2009 1668 capitulum

449 1693 586 1756 antehac
610 1692 721 1757 habita
744 1694 886 1776 fatigam,
911 1715 969 1776 per
986 1697 1068 1757 dnos
1093 1695 1267 1758 Martinam
1285 1693 1482 1756 Dambrowa
1498 1705 1532 1757 et
1548 1693 1758 1758 Laurentium
1777 1693 2010 1776 Grodzyczslcy

449 1802 625 1864 canonicos
649 1801 700 1864 die
724 1802 946 1865 Exaltacionis
971 1824 994 1864 s
1020 1801 1132 1866 Crucis
1156 1801 1197 1862 ad
1221 1803 1397 1882 pretorium
1423 1801 1562 1863 Poznan.
1586 1799 1628 1863 ad
1652 1803 1862 1864 revidendum
1883 1803 2009 1864 thezau-

450 1927 519 1970 rum
544 1909 680 1971 ecclesie
705 1909 822 1971 ibidem
848 1931 908 1990 pro
932 1911 1105 1972 securitate
1129 1911 1159 1972 in
1185 1910 1340 1971 moderna
1365 1910 1455 1989 regni
1479 1909 1650 1972 vacatione
1671 1909 1855 1990 depositam
1879 1909 2013 1982 factam,

449 2017 481 2078 in
505 2017 570 2077 vim
594 2015 814 2096 deputationis
838 2030 992 2080 consuete
1016 2017 1215 2080 solvendam.

658 2227 700 2290 A.
730 2241 826 2308 1502,
851 2229 1017 2291 Februarii
1046 2243 1092 2306 17,
1118 2229 1149 2290 in
1173 2227 1326 2308 capitulo.

558 2367 645 2436 934.
677 2369 744 2451 (Vl.
771 2371 831 2452 53).
864 2370 1057 2433 Electio
1090 2373 1431 2450 procuratoris
1454 2369 1494 2431 ad
1520 2367 1756 2432 defendendum
1782 2389 1896 2431 causas
1920 2369 2001 2449 capi·

449 2479 506 2542 tuli
530 2479 561 2540 in
587 2477 708 2540 iudiciis
732 2477 948 2540 terrestribus,
973 2513 1017 2522 -
1041 2476 1163 2538 lbidem
1188 2489 1410 2539 convenerunt
1434 2488 1467 2538 et
1490 2477 1760 2558 appreciaverunt
1783 2495 1821 2538 ac
1838 2477 2004 2558 elegerunt

449 2586 561 2648 honor.
585 2585 683 2646 dnum
709 2585 862 2648 Iacobum
886 2585 927 2648 de
951 2584 1162 2666 Canschycze
1185 2584 1361 2664 plebanum
1385 2585 1416 2646 in
1442 2582 1560 2646 Gostin
1584 2595 1617 2647 et
1639 2584 1817 2648 altaristam
1834 2585 1865 2646 in
1884 2583 2009 2646 Dolsko

450 2705 636 2775 presentem
661 2701 694 2754 et
717 2701 945 2774 acceptantem
969 2694 1000 2754 in
1025 2713 1137 2754 eorum
1170 2691 1343 2764 sindicum‚
1376 2703 1637 2772 procuratorem,
1671 2691 1884 2764 causidicum,
1916 2691 2010 2752 advo·

448 2811 557 2864 catum
582 2811 615 2862 et
639 2809 885 2880 procuratorem
909 2819 947 2862 ac
970 2798 1177 2864 defensorem
1201 2799 1343 2860 omnium
1369 2809 1401 2862 et
1424 2799 1621 2880 singularum
1645 2817 1815 2862 causarum
1832 2809 1960 2860 suarum
1978 2798 2007 2858 in

451 2907 580 2980 iudiciis,
606 2906 676 2968 foro
700 2928 737 2968 ac
761 2908 827 2969 iure
851 2909 995 2970 terrestri
1020 2908 1206 2987 iudiciisque
1230 2925 1286 2967 seu
1312 2907 1455 2968 terminis
1480 2905 1725 2986 particularibus
1750 2917 1783 2968 et
1806 2905 2010 2988 generalibus

450 3015 630 3079 habitarum
656 3024 688 3076 et
712 3013 933 3078 habendarum
958 3015 998 3075 ad
1024 3013 1174 3076 salarium
1207 3013 1302 3074 trium
1327 3032 1504 3074 marcarum
1530 3013 1666 3093 pecunie
1690 3014 1855 3075 annuatim
1880 3031 2006 3073 exnunc

450 3145 508 3204 per
531 3143 648 3185 annum
673 3123 856 3202 incipiendo
881 3123 940 3184 sibi
966 3121 1007 3184 de
1031 3121 1110 3183 fisco
1135 3117 1265 3200 capituli
1290 3121 1529 3182 solvendarum.
1555 3119 1598 3182 Et
1622 3121 1754 3199 insuper
1777 3129 1959 3182 statuerunt
1976 3129 2009 3180 ct

450 3229 693 3304 concluserunt,
722 3241 755 3292 ut
781 3229 914 3311 quilibet
938 3231 1020 3292 dnus
1052 3248 1168 3310 regens
1201 3226 1274 3290 ville
1306 3239 1361 3290 aut
1391 3226 1537 3288 villarum
1568 3247 1714 3300 suarum,
1749 3225 2007 3308 quandocunque

450 3339 479 3400 in
505 3338 626 3399 iudiciis
651 3338 855 3400 terrestribus
879 3336 1084 3418 generalibus
1108 3336 1159 3398 vel
1186 3335 1432 3416 particularibus
1456 3335 1525 3415 ipse
1549 3335 1632 3396 dnus
1656 3334 1793 3396 lacobus
1818 3345 2009 3414 procurator

449 3464 580 3510 causam
605 3445 703 3526 ipsius
720 3443 774 3504 dni
800 3445 942 3524 regentis
958 3443 1110 3506 defendet
1135 3455 1169 3506 ct
1187 3442 1383 3523 procurabit,
1407 3442 1545 3504 eundem
1571 3441 1725 3522 expensis
1750 3441 1815 3502 suis
1838 3439 2009 3522 providere

448 3575 480 3651 i¹³
512 3553 600 3614 omni
632 3551 704 3614 loco
736 3551 922 3612 iudiciorum
946 3549 1128 3612 huiusmodi
1153 3550 1324 3613 tenebitur.

558 3693 646 3763 935.
682 3693 750 3774 (Vl.
777 3693 854 3772 53⁰).
887 3691 1157 3754 Concordia
1193 3691 1325 3754 Balczer
1359 3691 1400 3752 de
1435 3688 1705 3768 Chwalyschewo
1741 3707 1838 3770 super
1873 3686 2009 3748 horni-

450 3809 588 3870 cidio.
612 3840 655 3850 -
681 3801 805 3864 Eodem
832 3801 925 3862 die..
950 3819 992 3862 ex
1015 3798 1188 3862 concordia
1213 3819 1400 3880 pervener.
1426 3798 1509 3859 dnos
1533 3796 1706 3858 Martinam
1734 3795 1776 3857 de
1804 3794 2008 3866 Dambrowa,

449 3913 619 3978 Nicolaum
653 3908 795 3989 Olcssky
828 3919 1072 3990 procuratorem
1106 3906 1237 3986 capituli
1269 3917 1302 3968 et
1325 3905 1485 3986 prefatum
1511 3903 1609 3966 dnum
1634 3901 1798 3965 Goczalelr
1832 3902 2007 3963 canonicos

449 4023 532 4084 inter
564 4030 675 4101 partes
706 4015 926 4094 infrascriptas
958 4015 998 4076 de
1030 4015 1174 4095 ipsarum
1207 4031 1367 4074 consensu
1404 4012 1487 4074 facta
1519 4011 1645 4092 providi
1676 4009 1836 4072 Iohannes
1868 4008 2007 4088 Panyan,

447 4129 607 4191 lohannes
632 4124 787 4204 Ryschek
813 4121 959 4203 pellifex,
984 4121 1178 4183 Valentinus
1202 4121 1360 4188 citarista,
1386 4118 1554 4180 Dorothea
1578 4137 1714 4179 consors
1738 4127 1771 4177 et
1797 4114 2005 4197 Margaretba

449 4234 511 4297 filia
535 4233 709 4296 Baltazaris
732 4232 872 4292 vectoris
896 4229 936 4290 de
961 4227 1231 4309 Chwalyschewo
1255 4226 1410 4307 oppidani
1435 4225 1554 4287 ibidem
1578 4223 1782 4286 fideiussores
1811 4242 1908 4284 manu
1932 4241 2004 4284 con·

450 4343 557 4405 iuncta
581 4353 613 4404 et
637 4339 773 4401 indivisa
803 4347 956 4399 caverunt
989 4357 1049 4416 pro
1082 4335 1168 4396 dicto
1204 4335 1369 4396 Baltazare
1402 4333 1433 4394 in
1466 4333 1597 4394 civitate
1630 4329 1843 4410 Glogoviensi
1874 4340 2008 4410 propter

449 4447 706 4512 interfectionem
731 4443 808 4506 olim
834 4442 955 4504 Mathie
978 4444 1089 4524 aurige
1121 4442 1161 4503 de
1180 4439 1445 4514 Chwalischewo,
1477 4437 1530 4500 filii
1563 4437 1743 4500 Katherine
1775 4437 1923 4498 coctricis
1954 4435 2007 4497 dni

449 4555 613 4620 Goczalek
638 4553 783 4615 canonici
809 4549 932 4632 prefati,
958 4562 1118 4630 patratam
1146 4547 1306 4630 Glogovie
1333 4559 1366 4610 et
1390 4547 1521 4619 factam,
1548 4547 1697 4627 incipat0,
1730 4545 1864 4606 detento
1888 4553 1921 4606 et
1944 4545 2006 4606 viu·

448 4664 565 4735 culat0,
590 4663 668 4724 inita
693 4672 725 4722 et
752 4659 850 4735 facta;
885 4657 974 4739 quod
1007 4669 1083 4738 post
1118 4658 1326 4718 emissionem
1358 4655 1398 4716 de
1431 4653 1669 4734 mancipatione
1701 4663 1733 4714 et
1765 4649 1902 4713 vinculis
1932 4650 2007 4712 dicti

447 4771 622 4834 Baltazaris
646 4788 689 4830 ex
713 4765 876 4848 Glogovia
900 4765 980 4826 inlra
1005 4774 1071 4827 tres
1095 4765 1295 4844 septimanas
1319 4775 1440 4824 extunc
1464 4762 1648 4824 immediate
1678 4769 1853 4840 sequentes
1877 4758 2004 4820 solvent

448 4889 481 4942 et
505 4879 628 4940 dabunt
652 4877 712 4957 ipsi
736 4875 942 4937 fideiussores
975 4873 1118 4954 quinque
1154 4890 1275 4932 marcas
1309 4871 1444 4950 pecunie
1477 4869 1562 4931 dicte
1594 4866 1773 4930 Katherine
1809 4887 1869 4946 pro
1902 4865 2006 4946 capite

448 4987 524 5049 dicti
547 4984 601 5047 filii
624 4985 673 5046 sui
696 5003 754 5063 per
777 4983 883 5063 ipsum
907 4981 1038 5042 Balczer
1061 4981 1174 5052 occisi,
1198 4989 1231 5040 et
1254 4977 1397 5056 capitulo
1422 4997 1482 5058 pro
1507 4995 1591 5058 pena
1616 4972 1808 5037 hereditaria
1825 4993 1882 5035 seu
1911 4971 2006 5034 domi·

448 5093 510 5156 nali
534 5094 632 5155 etiam
656 5091 797 5171 quinque
821 5107 945 5151 marcas
970 5088 1030 5150 sub
1055 5105 1141 5168 pena
1164 5085 1283 5147 vallata
1306 5085 1338 5146 X
1361 5104 1555 5156 marcarum,
1592 5083 1634 5144 ad
1660 5101 1757 5163 quam
1781 5100 1817 5142 se
1842 5100 1939 5141 manu
1954 5079 2007 5140 sti·

449 5202 559 5284 pulata
584 5199 802 5262 submiserunt
827 5195 1086 5258 irremissibiliter
1109 5190 1352 5256 exsolvendam.
1391 5191 1527 5272 insuper
1550 5199 1722 5262 caverunt,
1755 5189 1846 5270 quod
1869 5186 2006 5250 lacobus
2081 5235 2084 5246 .

448 5321 555 5372 sartor
578 5308 618 5370 de
642 5303 912 5385 Chwalyschewo
936 5302 1018 5365 filius
1042 5301 1217 5364 Baltazaris
1239 5320 1304 5360 non
1329 5297 1508 5378 increpabit
1531 5297 1651 5359 dictam
1668 5295 1884 5358 Katherinam
1903 5313 2004 5374 neque

448 5417 508 5479 sibi
531 5417 562 5477 in
586 5424 724 5476 mortem
749 5409 1060 5492 machinabitursub
1078 5409 1171 5470 dictis
1188 5409 1294 5488 penis;
1318 5417 1351 5468 et
1367 5406 1512 5468 similiter
1533 5403 1713 5466 Katherina
1728 5404 1836 5482 ipsum
1853 5401 2003 5464 Iacobum

449 5543 515 5584 non
546 5520 736 5603 inquietabit
767 5520 939 5581 occasione
971 5518 1019 5579 sui
1051 5515 1151 5596 patris
1160 5535 1167 5592 ;
1203 5514 1407 5595 presentibus
1436 5512 1642 5574 familiaribus
1674 5511 1833 5572 dictorum
1867 5509 2003 5572 dnorum

449 5631 532 5692 circa
555 5629 722 5710 premissa.
