4390 6368
460 531 520 612 184
956 530 1235 594 00111011111111
1255 529 1513 586 rozunumusn

1161 626 1299 632 ——
1512 627 1576 634 -υ
1907 626 2007 636 -——-·

450 755 539 810 tatos
563 755 595 808 et
618 743 790 826 delegatos
813 745 992 808 nominavit
1016 745 1179 828 elegitque
1204 765 1246 808 ex
1269 747 1411 826 capitulo
1434 746 1477 808 ad
1501 747 1658 828 premissa
1688 747 1915 829 exequendum
1938 768 2010 810 cum

451 872 563 916 eorum
599 851 808 933 processibus
843 851 940 914 etiam
975 851 1223 934 quibuscunque
1266 855 1414 933 personis
1454 855 1681 918 ecclesiastIcis
1716 875 1775 936 per
1810 855 2009 936 provinciam

453 957 679 1023 Gneznensem
703 959 891 1022 constitutis
914 959 1107 1022 auctoritate
1143 959 1355 1042 dispensandi
1380 960 1530 1024 iubileum
1561 961 1743 1024 huiusmodi
1766 962 1922 1026 attributa
1945 962 2014 1024 des·

452 1065 604 1134 tInandis.
640 1063 721 1126 dans
746 1075 778 1128 et
802 1064 988 1128 concedens
1024 1065 1146 1130 eisdem
1178 1066 1400 1150 subdelegatis
1433 1077 1466 1130 et
1490 1082 1548 1150 per
1571 1088 1630 1132 eos
1658 1068 1852 1150 deputandis
1880 1069 2010 1149 plenam

456 1184 489 1236 et
514 1173 735 1235 omnimodam
774 1181 974 1254 potestatam
1014 1173 1239 1254 dispensandi,
1279 1175 1477 1256 practicandi
1513 1186 1545 1237 01
1576 1176 1792 1238 auctorisandi
1828 1177 1934 1256 ipsum
1958 1177 2011 1238 iu·

452 1279 626 1342 bileum
661 1280 752 1342 iuxta
776 1289 924 1341 tenorem
959 1279 1046 1342 bulle
1078 1281 1177 1361 ipsius
1212 1281 1377 1363 originalis
1400 1302 1439 1344 00
1462 1281 1716 1346 confirmationis
1751 1283 1928 1346 litterarum
1954 1303 2011 1364 per

452 1387 551 1452 breve
574 1387 790 1470 apostolicum
815 1385 888 1448 inde
912 1387 1031 1450 secutis
1056 1388 1088 1449 in
1113 1387 1214 1451 forma
1246 1389 1370 1451 meliori
1404 1409 1478 1452 curn
1509 1389 1660 1452 clausulis
1696 1391 1904 1472 opportunis;
1938 1410 2008 1472 pre·

452 1493 602 1557 sentibus
625 1506 687 1556 etc.

666 1649 708 1714 A.
739 1665 837 1732 1505,
863 1651 1028 1715 Februarii
1059 1669 1104 1734 17,
1128 1655 1160 1716 in
1184 1653 1335 1736 capitulo.

560 1790 647 1858 969.
673 1793 740 1868 (Vl.
770 1793 848 1872 125).
873 1793 955 1856 Item
979 1797 1209 1858 commiserunt
1233 1795 1298 1858 dno
1322 1797 1447 1859 decano
1470 1796 1576 1877 ipsum
1600 1805 1762 1878 petentes,
1786 1805 1823 1858 ut
1846 1796 1909 1860 10111
1932 1815 2007 1858 con·

451 1901 560 1964 cludat
582 1921 655 1962 cum
691 1901 756 1962 dno
792 1900 1023 1963 Bartholomeo
1058 1901 1099 1964 de
1134 1903 1293 1964 Poznania
1317 1903 1514 1975 baccalario,
1551 1903 1693 1985 plebano
1718 1905 1749 1966 in
1772 1901 1920 1984 Slupcza‚
1943 1922 2003 1983 pro

451 2009 622 2092 fatigatum
647 2017 680 2070 01
703 2027 922 2088 expensarum
946 2008 987 2071 ad
1011 2007 1172 2072 Prussiam
1206 2029 1304 2092 super
1328 2010 1520 2092 exequenda
1544 2025 1577 2073 et
1601 2009 1809 2093 practicanda
1832 2010 1875 2072 ibi
1900 2011 2003 2092 gratia

451 2118 494 2178 iu
507 2115 572 2177 bil
585 2115 624 2176 ei
648 2113 786 2177 ecclesie
810 2112 948 2178 Poznan.
972 2116 1119 2178 concessi
1143 2135 1202 2198 per
1226 2115 1331 2196 ipsum
1349 2117 1562 2180 baccalarium
1588 2117 1804 2179 faciendarum
1821 2135 1859 2178 ac
1877 2116 2006 2197 diligen·

452 2223 567 2286 tiarum
591 2222 709 2285 solario
733 2221 793 2284 sibi
814 2220 984 2285 solvendo.

667 2379 707 2442 A.
738 2393 834 2460 1505,
859 2379 965 2444 Μο1111
991 2381 1105 2460 24,111
1130 2381 1282 2462 capitulo.

561 2517 736 2604 9791111.
767 2521 845 2602 126).
882 2519 956 2604 [Dni
980 2522 1094 2602 prelati
1127 2533 1160 2585 et
1191 2521 1351 2606 canonici]
1386 2523 1625 2604 deputaverunt
1660 2524 1758 2586 dnum
1783 2523 1940 2606 Cotwycz
1960 2545 2008 2588 ar·

452 2631 677 2694 chidiaconum
713 2629 930 2710 equitaturum
966 2629 1205 2691 Wratislaviam
1240 2629 1280 2692 ad
1306 2632 1481 2710 petendum
1516 2631 1683 2712 practicari
1719 2630 1949 2694 iubileum
1972 2643 2005 2694 et

449 2737 576 2801 admitti
612 2735 788 2818 petendum
823 2756 882 2818 per
914 2735 1014 2798 dnum
1049 2735 1156 2799 Turso
1191 2737 1413 2819 coadiutorem
1444 2758 1482 2800 ac
1506 2739 1537 2800 in
1562 2737 1753 2802 Cracoviam
1776 2758 1836 2819 pro
1859 2737 2005 2802 tollenda

450 2845 584 2928 pecunia
609 2842 650 2906 de
674 2843 792 2906 iubileo
815 2843 858 2905 ibi
882 2843 1060 2924 practicato
1083 2863 1122 2906 ac
1145 2853 1238 2906 tento
1261 2845 1293 2905 in
1319 2843 1407 2908 DCC
1431 2847 1546 2908 marcis
1563 2845 1708 2920 collecta,
1732 2845 1831 2908 tercia
1855 2855 1946 2926 parte
1962 2865 2006 2908 ex

451 2953 497 3015 eis
523 2971 582 3032 pro
605 2949 779 3013 collectore
801 2949 985 3032 apostolico
1009 2949 1226 3032 relinquenda,
1252 2972 1290 3013 00
1313 2951 1353 3014 ad
1378 2953 1581 3034 quittandum
1599 2953 1639 3016 de
1654 2953 1817 3035 perceptis
1832 2951 2007 3033 capitulum

450 3057 673 3123 Cracoviensis
698 3057 834 3122 ecclesie
858 3057 909 3121 vel
934 3057 1017 3120 dnos
1040 3059 1280 3122 commissarios
1304 3059 1427 3134 iubilei‚
1452 3061 1501 3122 cui
1525 3080 1586 3141 pro
1609 3061 1763 3141 expensis
1786 3060 1901 3142 viginti
1925 3079 2007 3122 mar-

449 3187 504 3230 cas
528 3166 568 3230 de
591 3167 736 3246 pecuniis
760 3165 866 3228 iubilei
889 3163 1023 3228 Gnezne
1046 3165 1191 3230 collectis
1215 3165 1294 3228 dare
1318 3165 1542 3230 decreverunt.

664 3325 708 3386 A.
737 3337 836 3404 1505,
859 3325 936 3388 Μο11
961 3339 1020 3400 20,
1044 3325 1075 3386 in
1099 3323 1251 3406 capitulo

559 3461 646 3532 971.
671 3465 740 3550 (VI.
771 3465 865 3546 128⁰).
902 3465 1025 3528 Ibidem
1049 3466 1102 3528 dni
1126 3465 1323 3547 deputarunt
1358 3467 1576 3548 equitaturum
1601 3463 2003 3550 11111111ιὸ0001γοοηοηὶ-

449 3593 522 3638 cum
546 3574 587 3638 ad
612 3575 731 3636 Rmum
756 3573 855 3635 dnum
880 3572 1055 3635 Iohannem
1081 3573 1186 3653 Epum
1211 3583 1357 3637 nostrum
1382 3575 1414 3636 in
1439 3573 1612 3636 Radom
1647 3573 1688 3636 ad
1724 3574 2006 3638 conventio·

450 3701 543 3745 nem
568 3679 843 3764 generalem
868 3699 965 3760 super
988 3680 1129 3742 consiliis
1152 3700 1172 3742 a
1195 3701 1252 3742 sua
1277 3680 1440 3744 Dnatione
1464 3681 1496 3742 in
1520 3679 1712 3762 colligendis
1736 3679 1844 3742 iubilei
1859 3679 2004 3761 pecuniis

451 3800 484 3852 et
508 3789 604 3852 rebus
627 3787 696 3850 aliis
721 3786 857 3849 ecclesie
880 3797 914 3849 et
937 3785 1069 3868 capituli
1092 3785 1259 3850 habendis.

558 3925 645 3996 972.
671 3929 782 4012 (Ibidl.
807 3927 889 3992 Item
913 3931 1151 3992 constituerunt
1182 3929 1320 3992 eundern
1353 3930 1452 3992 dnum
1476 3928 1602 4010 Susslry
1626 3939 1814 4011 presentem
1838 3929 1870 3990 in
1895 3947 2007 4009 procu·

449 4047 589 4102 ratorem
614 4048 648 4100 et
670 4037 826 4099 sindicum
850 4037 891 4098 ad
914 4035 1133 4118 colligendum
1158 4037 1327 4117 pecunias,
1359 4039 1516 4100 rationem
1539 4035 1719 4098 laciendum
1744 4045 1777 4099 et
1800 4035 2005 4116 quittandum

449 4166 563 4208 omnes
594 4147 624 4207 in
649 4144 729 4207 locis
764 4144 927 4206 diocesum
964 4141 1180 4216 Gneznensis,
1215 4141 1457 4218 Cracoviensis,
1494 4143 1786 4214 Wladislaviensis,
1823 4141 2007 4204 Ploczensis

447 4253 640 4316 collectores
664 4251 779 4325 iubilei,
804 4251 1033 4331 promittentes
1063 4249 1104 4312 de
1128 4259 1198 4313 rato
1223 4261 1256 4313 et
1280 4252 1444 4331 petierunt
1469 4251 1500 4312 in
1524 4249 1627 4312 forma
1651 4248 1774 4314 meliori
1809 4247 1938 4332 publica
1962 4248 2007 4308 in·

447 4369 641 4437 strumenta3
665 4357 872 4440 presentibus
895 4367 955 4420 etc.

661 4517 703 4581 A.
733 4531 830 4597 1505,
855 4515 934 4579 lunii
964 4517 1017 4592 16,
1042 4517 1072 4580 in
1097 4517 1250 4599 capitulo.

552 4653 638 4724 979.
674 4657 739 4741 (Vl.
768 4658 846 4740 129).
881 4657 963 4722 Item
989 4658 1063 4742 [dni]
1089 4659 1336 4734 ordinaverunt,
1369 4668 1405 4722 ut
1439 4657 1480 4720 ab
1515 4657 1611 4720 hodie
1647 4656 1802 4719 inclusive
1837 4653 2003 4737 usquead

446 4766 563 4830 festum
587 4786 611 4829 s.
636 4765 788 4830 Iohannis
823 4766 987 4831 exclusive
1020 4767 1154 4850 singulis
1190 4767 1302 4830 diebus
1337 4785 1452 4828 omnes
1483 4764 1537 4827 dni
1561 4765 1757 4835 conveniant
1788 4763 1829 4825 de
1854 4783 1947 4826 mane
1969 4773 2005 4826 et

446 4885 522 4956 post
546 4893 701 4954 vesperas
724 4873 765 4936 ad
789 4876 1022 4937 numerandum
1047 4895 1161 4937 omnes
1186 4893 1328 4938 summas
1353 4873 1489 4954 pecunie
1513 4871 1685 4934 iubilei
1710 4871 1868 4934 hactenus
1891 4870 2007 4932 contri·

447 4980 541 5044 butas
565 4991 598 5044 et
622 4981 876 5063 computandum
908 4982 1039 5044 easdem
1064 4983 1236 5044 summarie
1259 4982 1319 5044 sub
1344 4981 1525 5062 privatione
1561 4977 1773 5041 refectionum
1810 4979 2005 5041 uniuscuius-

446 5108 526 5171 que,
551 5089 605 5170 qui
629 5108 696 5151 non
718 5088 900 5152 numerabit
916 5088 971 5152 illo
987 5088 1047 5151 die.

660 5247 704 5310 A.
733 5261 828 5328 1505,
852 5247 933 5310 Iunii
957 5263 1016 5327 23,
1040 5247 1071 5309 in
1096 5247 1250 5328 capitulo

553 5383 640 5454 974.
672 5387 737 5472 (VI.
767 5389 861 5472 129⁰).
897 5389 978 5452 Item
1015 5389 1252 5471 deputaverunt
1288 5387 1387 5451 dnum
1423 5385 1695 5469 Grochowyczky
1731 5387 1947 5470 equitaturum
1970 5385 2005 5446 in

447 5494 612 5578 Opathow
635 5497 719 5559 circa
743 5494 879 5578 Calyssz
909 5497 951 5558 ad
975 5498 1074 5559 dnum
1111 5496 1279 5560 Andream
1315 5495 1446 5577 Lasslry
1481 5496 1656 5578 plebanum
1680 5496 1712 5558 in
1736 5494 1945 5558 Msczonowo
1968 5500 2005 5554 01

445 5603 563 5668 exinde
587 5601 778 5666 Cracoviam
800 5603 842 5668 ad
866 5604 965 5666 dnum
998 5601 1176 5666 Iohannem
1208 5603 1339 5685 Lassky
1373 5601 1600 5666 cancellarium
1622 5602 1715 5686 regni
1737 5603 1769 5665 in
1793 5599 2005 5665 1001010001-
