4416 6366
436 587 479 649 92
916 567 1009 618 ACTA
1029 567 1191 618 CAPITULI
1211 565 1465 620 POZNANIENSIS

433 781 563 844 schewo
587 780 823 862 deputaverunt
856 779 896 841 ad
928 781 1304 841 convencionem
1336 781 1367 842 in
1400 778 1590 854 Srzoda,
1624 782 1740 863 quibus
1772 803 1832 846 sex
1860 805 1984 850 marcas

432 910 492 970 pro
516 889 668 969 expensis
692 889 898 970 assignarunt
922 890 953 948 in
978 887 1065 950 lacto
1089 887 1225 948 ecclesie
1249 899 1363 950 contra
1386 889 1474 951 cives
1497 889 1744 953 Poznanienses

539 1027 626 1096 468.
653 1031 755 1112 (Ibid.)
786 1030 867 1093 Item
898 1031 1039 1092 nobilem
1072 1027 1306 1112 Sandivogium
1338 1031 1379 1093 de
1409 1029 1691 1113 Grzebyeniczsko
1722 1031 1763 1093 de
1787 1032 1848 1094 XII
1871 1037 1985 1098 marcis

432 1139 579 1220 capitalis
604 1140 739 1221 pecunie
764 1149 796 1200 et
821 1159 883 1200 una
908 1159 1015 1199 marca
1039 1139 1135 1198 annui
1160 1158 1292 1212 census,
1324 1139 1355 1200 in
1384 1139 1500 1220 quibus
1524 1159 1559 1200 se
1583 1149 1615 1200 et
1640 1139 1759 1201 dictam
1783 1161 1874 1202 suam
1897 1140 1982 1204 here·

433 1247 568 1309 dilatem
592 1246 624 1307 in
649 1245 931 1325 Grzebyeniczsko
956 1244 1261 1326 capituloPoznan.
1287 1265 1346 1326 pro
1371 1245 1436 1307 dno
1453 1245 1573 1308 Iacobo
1590 1245 1630 1307 de
1647 1246 1844 1327 Wigonowo
1861 1249 1987 1312 seniore

433 1356 535 1417 teneri
570 1354 787 1435 obligaverat,
823 1373 905 1434 quas
940 1351 1000 1414 XII
1036 1373 1159 1414 marcas
1191 1353 1274 1414 dnus
1297 1351 1407 1415 Adam
1431 1353 1572 1415 decanus
1597 1373 1694 1433 super
1717 1374 1753 1416 se
1777 1357 1885 1436 gracia
1908 1357 1984 1420 dicti

434 1461 487 1522 dni
510 1461 618 1522 Iacobi
642 1461 682 1522 de
700 1461 897 1542 Wigonowo
912 1471 1133 1540 assumpserat
1149 1471 1181 1522 et
1198 1461 1328 1522 easdem
1344 1459 1404 1522 XII
1422 1480 1546 1522 marcas
1562 1462 1644 1523 sicut
1661 1461 1807 1542 superius
1824 1462 1985 1542 dispensa·

435 1570 531 1631 verit:
568 1568 689 1630 scilicet
713 1567 759 1630 VI
784 1588 843 1649 pro
875 1569 939 1630 dno
963 1569 1135 1647 capitaneo
1172 1565 1314 1630 Stiborio
1350 1579 1382 1630 et
1417 1587 1477 1630 sex
1513 1589 1572 1647 pro
1607 1569 1678 1630 dnis
1713 1569 1916 1631 descensuris
1951 1572 1981 1632 in

434 1674 625 1746 Srzoda,
659 1695 785 1737 necnon
817 1676 954 1737 eundem
987 1676 1086 1737 dnum
1111 1675 1219 1736 Adam
1244 1675 1401 1736 decanum
1426 1685 1458 1737 et
1483 1673 1716 1755 Sandivogium
1744 1687 1985 1756 procuratorem

436 1783 657 1862 quittaverunt
681 1793 713 1846 et
736 1783 955 1844 absolverunt.

650 2027 693 2090 A.
724 2043 823 2108 1457,
848 2027 927 2089 Iunii
953 2032 987 2102 8,
1012 2028 1042 2088 ln
1068 2027 1220 2108 capitulo.

540 2184 629 2252 469.
654 2187 700 2268 (ΙΙ.
723 2191 804 2268 191).
829 2187 922 2249 Feria
938 2198 994 2266 4ta
1011 2187 1160 2268 Quatuor
1176 2199 1361 2268 temporum
1379 2201 1454 2268 post
1473 2187 1709 2250 Penthecosten
1725 2237 1753 2251 ..
1772 2189 1842 2252 ans
1858 2192 1984 2254 custodi

434 2305 467 2356 et
490 2294 612 2356 Mathie
636 2295 792 2356 canonico
816 2315 871 2368 e0,
895 2296 981 2378 quod
1005 2298 1167 2358 transituri
1192 2306 1267 2358 sunt
1291 2297 1331 2358 ad
1356 2297 1734 2358 convencionem
1771 2299 1919 2376 proxIme
1943 2299 1984 2358 in-

435 2401 554 2464 dictam
587 2403 617 2462 in
648 2399 823 2464 Srzoda
854 2404 894 2464 ad
926 2403 1164 2466 sollicitandum
1196 2414 1228 2466 et
1260 2405 1300 2464 ad
1332 2405 1548 2467 assistendum
1580 2403 1645 2464 dno
1669 2404 1743 2484 Epo
1767 2406 1797 2466 iu
1823 2404 1908 2467 lacto
1932 2405 1985 2466 dni

435 2509 587 2570 Hectoris
611 2529 709 2589 super
732 2531 815 2588 pena
839 2511 1003 2572 arbitraria
1028 2531 1085 2590 per
1108 2511 1207 2572 dnum
1231 2509 1407 2572 Stiborium
1432 2511 1637 2591 capitaneum
1660 2511 1779 2573 vallata
1801 2531 1861 2591 pro
1878 2513 1982 2592 capite

435 2617 503 2679 sive
534 2616 797 2678 homicidio
830 2617 969 2680 hominIs
1002 2617 1117 2680 nobilis
1141 2617 1377 2680 Chomanczslri
1402 2639 1459 2698 per
1483 2617 1657 2680 Albertum
1682 2618 1736 2679 dni
1760 2617 1910 2680 Hectoris
1935 2639 1985 2680 ne-

435 2735 546 2804 potem
571 2724 685 2786 laicum
717 2725 891 2788 commisso
922 2745 1020 2805 super
1051 2725 1260 2798 Unolthowo,
1289 2726 1420 2788 cuilibet
1450 2745 1562 2786 eorum
1594 2745 1652 2806 per
1683 2725 1821 2787 mediam
1846 2745 1985 2786 marcam

436 2831 655 2906 donaverunt,
688 2833 818 2894 inclusis
849 2831 1134 2896 distribucionibus
1166 2833 1375 2913 quottidianis
1407 2843 1439 2895 et
1471 2833 1777 2907 anniversariorum,
1809 2853 1889 2914 quas
1914 2833 1985 2894 ideo

435 2950 630 3002 meruerunt.

647 3167 691 3231 A.
722 3183 812 3249 1457,
836 3169 904 3232 Iulii
934 3187 962 3244 1,
988 3171 1018 3230 in
1043 3169 1186 3251 capitulo
1210 3169 1361 3252 generali.

542 3306 631 3374 470.
657 3309 708 3389 (11.
739 3311 834 3390 191⁰).
860 3311 921 3374 Die
945 3312 1125 3375 Veneris..
1149 3315 1180 3374 in
1204 3313 1370 3392 presencia
1393 3313 1446 3374 dni
1468 3313 1529 3394 Epi
1547 3323 1768 3395 exposuerunt
1791 3313 1984 3374 balneum

436 3420 578 3498 ipsorum
603 3418 643 3480 de
667 3438 753 3479 novo
776 3418 988 3480 edificandum
1015 3421 1045 3480 in
1069 3421 1319 3504 perpetuitatem.
1344 3421 1480 3500 provido
1498 3421 1686 3482 Hanczkoni
1705 3431 1737 3484 et
1754 3423 1818 3484 suls
1835 3421 1985 3502 legitimis

436 3526 691 3598 successoribus,
726 3527 781 3606 qui
812 3526 965 3587 balnearii
997 3529 1130 3609 singulis
1161 3529 1253 3589 annis
1285 3528 1413 3592 solvant
1441 3531 1583 3608 capitulo
1608 3529 1774 3610 profesto
1798 3528 1984 3590 Nativitatis

436 3632 553 3695 Christi
577 3632 626 3695 IV
650 3651 774 3694 marcas
798 3635 894 3695 annui
917 3653 1040 3708 census,
1066 3635 1207 3696 scolares
1230 3636 1270 3696 de
1295 3635 1391 3698 scolis
1415 3637 1550 3698 ecclesie
1574 3649 1606 3698 et
1631 3637 1670 3697 de
1694 3635 1839 3698 Srzodlca
1864 3647 1897 3698 et
1912 3654 1985 3716 pau·

436 3761 530 3822 peres
558 3761 596 3801 ac
620 3741 665 3801 eis
689 3741 868 3804 servientes
892 3741 932 3804 de
956 3741 1107 3822 hospitali
1132 3743 1266 3804 ecclesie
1291 3743 1368 3804 alias
1400 3763 1423 3805 s.
1456 3743 1596 3805 Barbare
1629 3743 1764 3824 singulis
1795 3743 1984 3823 septImanis

436 3847 536 3910 semel
560 3847 714 3910 lavabunt
738 3857 771 3909 et
794 3848 908 3912 radent
931 3861 964 3912 et
989 3849 1180 3912 tondebunt.
1227 3848 1309 3912 Item
1333 3851 1455 3912 eisdem
1485 3862 1591 3914 ortum
1623 3853 1655 3912 in
1687 3852 1784 3913 dorso
1814 3849 1919 3912 balnei
1951 3859 1984 3911 et

436 3954 601 4035 proprium
627 3955 821 4035 piscatorem
846 3955 965 4018 habere
989 3967 1229 4020 concesserunt.
1277 3957 1358 4018 Item
1382 3959 1556 4038 capitulum
1582 3959 1702 4020 nullum
1726 3957 1984 4020 barbitonsorem

436 4061 466 4122 in
491 4062 636 4142 ipsorum
660 4061 808 4124 dominiis
832 4065 862 4124 in
888 4061 1019 4126 Ostrorv
1050 4075 1083 4126 et
1116 4067 1147 4126 in
1171 4064 1389 4126 Walischewo
1425 4065 1489 4127 lieri
1521 4067 1710 4146 permittant
1741 4075 1796 4128 aut
1827 4067 1984 4146 cirurgum

436 4169 504 4230 sive
527 4169 703 4242 medicum,
727 4171 786 4231 nisi
810 4170 991 4233 balnearius
1014 4183 1100 4234 esset
1125 4173 1291 4254 imperitus
1315 4183 1370 4234 aut
1394 4173 1588 4234 insufficiens
1611 4172 1652 4234 ad
1676 4172 1881 4235 medendum.
1907 4172 1986 4234 Item

437 4275 614 4355 capitulum
640 4296 705 4337 non
730 4279 895 4357 permittat
919 4281 950 4338 in
975 4279 1068 4342 dictis
1092 4281 1157 4342 suls
1182 4281 1331 4341 dominiis
1357 4279 1422 4341 fieri
1446 4281 1597 4360 specialia
1622 4281 1745 4344 balnea.

543 4412 631 4480 471.
661 4416 710 4495 (ΙΙ.
742 4418 823 4498 192).
862 4417 932 4480 Nos
964 4421 1137 4500 capitulum
1163 4421 1297 4482 ecclesie
1322 4422 1460 4482 Poznan.
1486 4441 1546 4501 pro
1571 4421 1653 4484 sesto
1678 4421 1709 4484 b.
1734 4421 1819 4483 Petri
1843 4431 1876 4484 et
1900 4419 1987 4480 Pauli

435 4525 578 4604 apostol.
600 4525 641 4586 ad
665 4525 892 4588 celebrandum
918 4527 1069 4606 generale
1093 4528 1268 4608 capitulum
1292 4531 1483 4610 congregati
1519 4528 1751 4608 significamus,
1788 4529 1904 4610 quibus
1936 4547 1987 4588 ex·

436 4631 544 4711 pedit,
569 4632 739 4706 universis,
764 4633 851 4714 quod
876 4635 1145 4715 circumspectum
1172 4636 1339 4697 Andream
1364 4637 1404 4698 de
1427 4635 1639 4698 Polanovicze
1664 4637 1823 4700 notarium
1840 4645 1986 4698 nostrum

436 4740 514 4801 alias
538 4740 633 4802 nobis
656 4741 814 4814 delatum,
850 4743 1016 4822 quomodo
1053 4744 1121 4823 ipse
1157 4753 1271 4804 contra
1295 4763 1355 4805 nos
1379 4754 1411 4806 et
1436 4744 1604 4805 ecclesiam
1629 4753 1774 4806 nostram
1799 4741 1984 4804 consulibus

436 4857 468 4910 et
492 4847 615 4910 civibus
638 4847 775 4910 Poznan.
800 4850 932 4912 consilia
957 4850 1132 4930 prebuisse,
1156 4851 1309 4913 articulos
1333 4861 1366 4913 et
1390 4849 1632 4930 appellaciones
1655 4850 1827 4923 formasse,
1859 4868 1986 4910 necnon

435 4957 722 5018 excommunicatis
753 4957 866 5038 vigore
897 4977 1108 5036 processuum
1134 4968 1318 5020 nostrorum
1342 4959 1411 5020 sine
1435 4957 1574 5020 sciencia
1597 4969 1630 5022 et
1654 4977 1815 5020 consensu
1840 4975 1987 5037 procura·

435 5072 542 5124 torum
567 5073 750 5124 nostrorum
767 5063 995 5126 absoluciones
1015 5064 1075 5126 sub
1093 5064 1199 5145 sigillo
1217 5077 1329 5128 nostro
1346 5064 1474 5126 dedisse
1491 5065 1672 5140 debuisset,
1696 5085 1796 5146 aquo
1813 5077 1986 5144 propterea

436 5169 540 5230 donec
563 5171 685 5232 cercius
708 5169 870 5234 informati
894 5171 1071 5246 fuissemus
1096 5171 1237 5252 sigillum
1262 5183 1409 5235 nostrum
1433 5171 1639 5246 abstulimus,
1664 5172 1795 5234 tandem
1820 5171 1861 5232 ab
1884 5171 1985 5232 huius-

436 5277 524 5338 modi
548 5277 729 5341 obiectibus
754 5279 934 5342 invenImus
958 5281 1166 5341 innocentem
1199 5289 1231 5340 et
1259 5279 1449 5354 immune1n;
1482 5278 1621 5360 ideoque
1653 5281 1758 5360 ipsum
1789 5277 1986 5340 absolvimus

436 5393 469 5444 et
504 5383 687 5447 absolutum
723 5387 939 5460 declaramus,
975 5387 1188 5448 decernentes
1223 5398 1256 5448 et
1291 5387 1542 5459 constituentes,
1578 5388 1665 5468 quod
1702 5386 1821 5448 amodo
1845 5385 1986 5447 notarius

436 5489 566 5569 capituli
590 5494 692 5554 nostri
716 5495 843 5557 nonnisi
867 5495 899 5556 in
922 5493 1064 5575 capitulo
1088 5493 1230 5575 generali
1255 5495 1438 5556 instituatur
1471 5504 1505 5556 et
1536 5495 1729 5556 destituatur
1756 5491 1880 5573 sibique
1904 5492 1985 5572 sigil-

436 5597 501 5660 lum
526 5609 671 5664 nostrum
697 5601 801 5663 minus
825 5603 970 5668 tradatur
993 5614 1026 5665 et
1050 5601 1219 5664 auferatur.
