4458 6356
836 571 1016 621 hunorum
1038 569 1222 624 tiit-1448.
1763 571 1806 651 69

249 782 425 864 Scothsky,
450 781 607 864 Chibsky,
631 783 794 846 lohannes
818 783 858 846 de
883 785 1036 865 Popowo,
1062 785 1275 866 Rogalinsky,
1300 783 1423 864 Slupek
1447 785 1488 846 ad
1512 803 1627 846 sonum
1649 804 1807 864 campane

249 893 440 972 congregati
464 890 702 971 deputaverunt
726 891 825 953 dnum
849 889 1016 971 Scothsky
1052 893 1168 954 iturum
1203 890 1370 954 Gneznam
1404 891 1445 954 ad
1470 892 1638 972 proximos
1670 891 1807 954 termi-

247 1019 326 1062 nos
357 997 596 1080 generales,
628 1009 740 1060 contra
765 998 891 1060 nobiles
913 994 966 1083 {de
990 999 1201 1080 Elosaegewo
1225 1011 1258 1061 et
1281 997 1521 1080 Sigismundum
1559 997 1739 1079 dapiferum
1766 999 1807 1060 de

246 1106 440 1188 Margonino
457 1124 554 1185 super
570 1103 863 1188 Srzebrzsznagora
880 1106 1052 1168 occasione
1076 1125 1191 1168 census
1215 1108 1312 1168 annui
1338 1106 1514 1186 capitulum
1540 1105 1746 1167 defensurum
1770 1115 1803 1168 et

245 1233 305 1294 pro
329 1222 421 1293 parte
445 1213 587 1274 eiusdem
623 1225 769 1276 acturum
793 1222 826 1276 et
849 1212 1014 1286 facturum,
1051 1213 1101 1274 cui
1128 1234 1188 1293 pro
1223 1215 1376 1293 expensis
1411 1213 1624 1275 decreverunt
1659 1211 1802 1274 dandum

247 1341 343 1384 unam
366 1341 575 1402 sexagenam,
598 1321 695 1384 salvis
724 1321 784 1383 sibi
809 1321 959 1383 omnibus
993 1320 1203 1400 quottidianis
1228 1319 1466 1390 refeccionibus,
1500 1320 1640 1400 demptis
1664 1320 1807 1382 anniver-

248 1430 346 1504 sariis,
374 1439 407 1492 et
437 1429 555 1490 ibidem
591 1429 806 1491 decreverunt
840 1427 906 1490 fieri
931 1428 1070 1490 litteram
1105 1427 1344 1490 credenciarum
1378 1428 1482 1488 eidem
1506 1427 1546 1488 ad
1579 1427 1677 1488 dnum
1702 1425 1808 1488 Glam-

249 1535 377 1616 boczky
400 1535 671 1598 archidiaconum.

465 1747 508 1809 A.
539 1752 630 1828 1448,
654 1747 778 1828 Aprilis
803 1764 853 1820 20,
878 1749 909 1809 in
933 1747 1085 1828 capitulo.

358 1885 444 1954 350.
469 1889 515 1970 (ll.
540 1889 621 1969 96⁰).
645 1889 706 1951 Die
730 1888 901 1954 Saturni..
937 1889 1051 1952 honor.
1089 1890 1171 1951 dnus
1206 1889 1357 1951 Andreas
1393 1888 1550 1969 plebanus
1586 1889 1617 1949 in
1647 1887 1806 1950 Brzeszini

248 1999 360 2078 vigore
385 1995 578 2076 provisionis
603 2005 635 2058 et
660 1999 767 2078 gracie
800 1995 913 2061 Rmi..
945 1997 999 2058 dni
1023 1997 1170 2078 Baptiste
1190 1997 1252 2078 Epi
1277 1995 1525 2079 Camerinensis‚
1550 1997 1581 2057 in
1605 1996 1724 2076 Regno
1748 1995 1806 2056 Po·

251 2105 336 2167 lonie
359 2123 433 2166 cum
457 2113 622 2185 potestate
658 2104 756 2185 legati
791 2104 832 2165 de
856 2103 956 2166 latere
991 2103 1076 2166 sedis
1111 2104 1252 2184 apostol.
1282 2104 1403 2178 nuncii,
1428 2104 1595 2185 requisivit
1630 2103 1805 2165 discretum

250 2211 450 2274 Dobeslaum
474 2211 627 2273 vicarium
652 2222 844 2293 perpetuum
869 2212 901 2272 in
923 2211 1059 2273 ecclesia
1081 2210 1220 2273 Poznan.
1242 2220 1397 2291 tanquam
1419 2221 1637 2280 executorem,
1655 2209 1806 2291 quatinus

249 2321 290 2381 ad
314 2320 547 2382 execucionem
583 2319 756 2382 earundem
793 2319 971 2383 litterarum
996 2319 1227 2399 procederet..
1265 2317 1449 2398 quiquidem
1474 2318 1557 2379 dnus
1580 2317 1805 2379 Dobeslaus..

250 2428 374 2490 monuit
397 2448 506 2490 vener.
531 2427 657 2490 dnos..
682 2427 826 2508 prelatos
849 2437 882 2490 et
906 2427 1081 2488 canonicos
1117 2425 1251 2487 ecclesie
1291 2423 1519 2487 l'oznaniensis
1535 2474 1564 2487 ..
1588 2435 1622 2487 ut
1647 2423 1805 2505 prelatum

249 2535 347 2597 dnum
372 2535 541 2597 Andream
566 2535 746 2616 reciperent
771 2535 802 2596 in
826 2534 1063 2596 canonicum..
1093 2533 1195 2596 sibi..
1230 2535 1472 2612 possessionem
1504 2533 1622 2594 realem
1658 2542 1691 2594 et
1722 2543 1806 2592 actu-

249 2642 333 2704 alem
357 2641 532 2704 eorundem
556 2643 766 2704 canonicatus
789 2652 823 2705 et
847 2641 1012 2722 prebende
1043 2641 1229 2702 vacancium
1263 2651 1339 2720 post
1371 2640 1494 2702 obitum
1519 2640 1595 2702 olim
1620 2637 1741 2701 Mathie
1766 2639 1806 2699 de

249 2750 363 2812 minori
387 2747 566 2812 Crosznino
590 2750 621 2810 in
658 2751 731 2810 via
763 2748 969 2810 Romana
1006 2758 1038 2810 et
1062 2760 1154 2809 extra
1178 2750 1296 2810 curiam
1322 2749 1505 2810 Romanam
1530 2749 1561 2807 in
1586 2746 1731 2827 partibus
1756 2745 1805 2807 de·

250 2856 349 2918 functi
374 2903 404 2918 ..
429 2856 635 2938 assignantes
643 2875 650 2934 ;
675 2855 790 2936 prelati
814 2856 924 2935 itaque
948 2857 1001 2917 dni
1026 2855 1186 2936 prelati..
1212 2875 1247 2917 se
1271 2856 1390 2919 devote
1412 2855 1597 2918 obtulerunt
1616 2863 1748 2935 paratos
1764 2853 1805 2914 ad

249 2964 428 3046 parendum
452 2972 486 3026 et
509 2962 725 3026 obediendum
761 2983 799 3024 ac
824 2963 928 3042 ipsum
964 2963 1062 3024 dnum
1098 2963 1267 3025 Andream
1303 2963 1343 3023 ad
1369 2962 1474 3024 dictos
1509 2963 1734 3023 canonicatum
1771 2970 1804 3022 et

250 3071 463 3152 prebendam,
496 3080 651 3152 quantum
683 3071 713 3131 in
740 3071 785 3132 eis
809 3080 886 3132 tunc
910 3069 1029 3142 fuerat,
1061 3080 1253 3151 receperunt
1285 3071 1315 3130 in
1341 3071 1574 3130 canonicum..
1600 3088 1709 3130 verum
1735 3087 1805 3148 pos-

250 3179 428 3241 sessionem
453 3178 630 3240 eorundem
654 3178 694 3239 ad
720 3177 817 3240 breve
841 3189 971 3258 tempus
995 3177 1197 3244 elabendum.
1224 3179 1349 3240 interim
1374 3177 1460 3258 quod
1485 3176 1525 3238 de
1549 3175 1665 3257 prefati
1682 3173 1803 3237 Mathie

250 3287 316 3349 vita
340 3295 396 3349 aut
419 3296 524 3348 morte
549 3305 745 3367 quocunque
769 3286 868 3346 modo
891 3285 943 3346 vel
967 3305 1009 3345 ex
1033 3284 1117 3346 lama
1149 3285 1264 3348 luerint
1296 3285 1474 3356 certiorati,
1505 3295 1538 3346 et
1563 3303 1603 3346 ne
1634 3282 1805 3344 occasione

249 3393 433 3455 huiusmodi
457 3393 657 3474 recepcionis
681 3393 797 3454 domus
821 3403 853 3455 et
878 3393 965 3454 bona
988 3413 1046 3456 sua
1070 3392 1296 3464 distrahantur,
1321 3394 1486 3474 assignare
1508 3391 1714 3465 distulerunt;
1739 3408 1805 3449 non

250 3512 358 3564 tamen
383 3510 557 3582 propterea
573 3500 744 3563 intendunt
760 3498 948 3562 hodiernam
965 3502 1188 3582 recepcionem
1207 3500 1393 3576 immutare;
1418 3497 1623 3579 presentibus
1640 3507 1699 3559 etc.
1716 3491 1802 3578 [Die]

249 3606 334 3671 Solis
357 3609 504 3690 sequenti
529 3617 679 3688 receptus
703 3617 764 3670 etc.

462 3817 504 3880 A.
534 3821 625 3898 1448,
648 3819 725 3880 Maii
754 3836 799 3893 ιι,
826 3819 856 3880 in
881 3818 1033 3900 capitulo

354 3956 441 4026 351.
466 3958 517 4042 (ll.
543 3961 623 4040 97⁰).
649 3960 745 4025 ..Ad
769 3962 1016 4042 requisicionem
1049 3959 1200 4025 Iohannis
1232 3962 1272 4023 de
1303 3961 1472 4023 Babimost
1503 3961 1645 4023 altariste
1677 3969 1709 4020 et
1734 3959 1804 4020 sub·

250 4051 432 4130 executoris
456 4067 633 4130 litterarum
651 4069 718 4129 sive
736 4088 908 4148 processus
933 4069 987 4130 dni
1004 4069 1111 4131 Latini
1128 4070 1271 4150 archiepi
1286 4069 1469 4138 Tranensis,
1487 4067 1678 4140 executoris,
1694 4085 1802 4127 vener.

249 4175 304 4236 dni
327 4173 577 4247 archidiaconus,
604 4186 726 4248 cantor,
751 4186 871 4246 custos
895 4176 1027 4250 Hector,
1053 4176 1214 4250 Clemens,
1239 4174 1640 4250 Mi1·oslaus,Wladislaus,
1658 4173 1803 4242 Viscota,

248 4279 423 4356 Sbiluthus,
448 4283 591 4344 decanus
615 4281 899 4356 Wladislaviensis,
935 4282 1159 4364 Sandivogius,
1193 4283 1371 4364 Skothshy,
1403 4282 1563 4344 lohannes
1595 4281 1635 4342 de
1658 4280 1803 4360 Popowo

248 4399 281 4452 et
304 4389 510 4470 Rogalinsky
535 4400 726 4470 receperunt
750 4391 848 4452 dnum
873 4390 1087 4452 Laurencium
1112 4391 1151 4453 de
1176 4390 1335 4453 Strzelcze
1367 4391 1397 4451 in
1422 4391 1612 4451 canonicum
1636 4398 1669 4450 et
1692 4389 1722 4448 in
1748 4385 1804 4447 lra-

247 4506 330 4560 trem
354 4497 396 4558 ad
427 4498 566 4578 primum
599 4498 824 4559 canonicatum
857 4507 1052 4570 vacaturum,
1077 4497 1205 4560 stallum
1231 4499 1290 4560 sibi
1315 4499 1346 4559 in
1371 4497 1471 4558 choro
1496 4497 1716 4576 assignantes;
1749 4492 1803 4553 dni

247 4613 362 4666 cantor
385 4603 566 4676 etHector
589 4615 744 4668 caverunt
768 4624 828 4684 pro
853 4625 965 4686 cappa.

356 4741 444 4810 352.
469 4741 521 4826 (ll.
547 4745 617 4825 97⁰)
642 4744 844 4827 Privilegium
871 4745 1088 4812 Gothartowo
1114 4787 1150 4794 --
1179 4747 1214 4811 ln
1240 4749 1371 4810 nomine
1395 4747 1516 4808 domini
1539 4765 1645 4808 amen.
1671 4743 1803 4816 Cuncta,

247 4873 310 4934 que
334 4863 475 4934 aguntur
498 4853 529 4913 in
554 4861 717 4936 tempore,
750 4854 902 4918 vacillant
925 4855 1030 4928 facile,
1064 4857 1124 4918 nisi
1156 4857 1314 4936 scripture
1345 4855 1485 4936 presidio
1515 4866 1547 4914 et
1572 4854 1701 4914 testium
1726 4851 1803 4910 ami·

248 4959 354 5022 niculo
377 4959 509 5022 firmiter
540 4957 719 5022 fulciantur.
757 4960 916 5024 Noverint
946 4964 1043 5043 igitur
1071 4951 1208 5025 universi
1242 4974 1411 5042 presentes
1435 4973 1467 5025 et
1492 4962 1629 5042 posteri,
1665 4977 1800 5040 quorum

246 5067 412 5129 audiencie
436 5083 570 5146 presens
594 5065 699 5129 littera
724 5067 817 5131 fuerit
841 5070 991 5140 recitata,
1025 5070 1111 5150 quod
1136 5091 1195 5132 nos
1220 5070 1373 5133 Nicolaus
1404 5071 1498 5132 heres
1522 5070 1562 5130 de
1586 5066 1802 5130 Gothartowo

246 5172 449 5236 vendidimus
473 5170 658 5236 sculteciam
682 5175 713 5236 in
738 5175 823 5237 dicta
846 5175 921 5238 villa
945 5187 1056 5238 nostra
1081 5176 1297 5240 Gothartowo
1322 5180 1388 5240 iure
1412 5177 1617 5239 Theutunico
1641 5174 1803 5236 Mardbur·

246 5283 337 5364 gensi
361 5281 503 5344 discreto
525 5281 595 5342 viro
619 5280 740 5343 Mathie
765 5292 798 5344 et
822 5283 887 5345 suis
912 5284 1052 5364 posteris
1076 5305 1136 5365 pro
1160 5294 1249 5347 certa
1273 5286 1409 5365 pecunie
1435 5285 1617 5366 quantitate
1633 5292 1801 5363 perpetuo,

246 5389 360 5460 libere,
385 5397 419 5450 et
443 5385 577 5469 pacifice
601 5388 847 5468 possidendam,
872 5391 903 5451 in
928 5411 991 5470 qua
1014 5391 1167 5454 scultecia
1191 5391 1355 5470 predictus
1379 5391 1519 5453 Mathias
1543 5401 1576 5452 et
1600 5391 1647 5451 sui
1671 5389 1803 5470 legitimi

244 5493 478 5579 [successores]
513 5494 681 5558 habebunt
712 5497 794 5558 duos
817 5517 949 5559 mansos
985 5497 1103 5560 liberos
1127 5509 1160 5560 et
1184 5498 1266 5560 duos
1298 5510 1401 5570 ortos,
1437 5517 1519 5578 quos
1554 5497 1688 5579 elegerit
1713 5499 1803 5558 iuxta

245 5602 411 5668 arbitrium
436 5621 494 5666 sue
518 5601 695 5666 voluntatis
703 5623 711 5684 3
741 5601 875 5670 habebit
898 5605 999 5666 eciam
1032 5604 1175 5689 prelatus
1199 5603 1339 5668 Mathias
1372 5624 1445 5668 cum
1469 5605 1535 5671 suis
1559 5602 1801 5671 successoribus
