4458 6356
833 575 1012 628 ANNORUM
1033 573 1216 630 llll-1445.
1761 579 1801 642 61

252 789 362 854 floren.
385 811 434 861 eo,
459 790 547 872 quod
571 788 792 864 audientibus,
827 800 862 854 ut
886 790 1030 866 dicebat,
1062 790 1133 852 dnis
1157 789 1197 852 N.
1222 788 1473 864 Glamboczecz,
1509 788 1661 864 Slawnilr,
1696 790 1804 854 Twar·

252 897 399 976 dowsky,
424 897 618 971 Wladisla0,
644 897 810 979 Scothslry
834 903 867 960 et
891 897 959 959 aliis
983 895 1092 960 multis
1117 897 1248 978 prelatis
1273 907 1305 960 et
1329 898 1493 959 canonicis
1517 897 1599 960 dnus
1621 899 1806 978 prepositus

253 1003 333 1066 dixit
357 1024 429 1065 eum
455 1004 553 1066 dnum
577 1005 735 1067 decanum
759 1004 895 1068 iuratum
920 1024 992 1066 esse
1009 1005 1161 1086 pecunias
1186 1001 1337 1066 iubilei
1362 1006 1436 1066 anni
1456 1007 1486 1066 in
1506 1005 1641 1068 ecclesia
1657 1004 1806 1078 poznan,

253 1131 304 1172 me
327 1131 405 1172 vero
430 1114 555 1174 notario
579 1113 729 1175 audiente
752 1112 812 1174 hec
836 1112 935 1174 verba
959 1112 1013 1174 dni
1037 1112 1212 1192 prepositi:
1238 1131 1302 1193 ego
1326 1131 1391 1173 non
1416 1131 1487 1174 sum
1511 1111 1632 1175 furatus
1648 1115 1801 1194 pecunias

253 1219 326 1280 anni
350 1217 457 1280 iubilei
480 1220 511 1280 in
536 1220 671 1282 ecclesia
694 1219 843 1295 Poznan,
868 1219 981 1283 eadem
1006 1218 1195 1300 repetendo.

467 1464 509 1528 A.
538 1479 637 1546 1445,
660 1465 825 1528 Februarii
851 1482 908 1539 22,
933 1465 964 1526 ln
988 1462 1140 1545 capitulo.

360 1603 448 1672 310.
474 1607 523 1689 (II.
551 1609 612 1688 52).
636 1607 718 1670 Item
741 1607 860 1669 ibidem
884 1607 966 1669 dnus
990 1606 1130 1669 decanus
1159 1605 1437 1669 Wladislaviensis
1474 1607 1618 1686 parendo
1641 1608 1807 1669 sentencie

255 1715 308 1776 dni
332 1715 396 1795 Epi
420 1717 569 1796 purgavit
594 1735 629 1776 se
653 1715 816 1786 canonice,
841 1713 989 1776 videlicet
1020 1713 1226 1794 metseptima
1251 1733 1356 1784 manu,
1381 1721 1414 1776 et
1437 1713 1553 1776 iuravit
1577 1713 1617 1774 ad
1641 1711 1673 1780 S.
1697 1714 1811 1776 Ewan·

254 1821 337 1903 gelia
361 1841 525 1902 nunquam
550 1842 585 1884 se
609 1821 740 1902 aliquod
775 1821 893 1884 lurtum
925 1829 980 1884 aut
1011 1820 1213 1901 sacrilegium
1245 1831 1278 1898 et
1310 1821 1478 1901 signanter
1510 1819 1542 1881 in
1565 1821 1709 1901 pecuniis
1733 1823 1808 1883 anni

253 1927 404 1990 iubilei
439 1929 483 2006 in,
507 1927 643 1990 ecclesia
678 1927 816 1990 Poznan.
853 1927 1054 1990 commisisse
1086 1937 1120 1989 et
1153 1927 1296 1990 similiter
1327 1937 1589 2008 conpurgatores
1612 1927 1665 1990 dni
1689 1937 1808 2000 custos,

253 2034 477 2108 cancellarius,
501 2033 757 2116 Praszmowslry,
782 2033 952 2106 Clemens,
984 2033 1181 2096 Wladislaus
1213 2043 1245 2096 et
1268 2030 1435 2114 Scothslry
1466 2036 1648 2096 iuraverunt
1680 2034 1720 2096 de
1745 2055 1808 2096 cre·

255 2141 386 2204 dulitate
410 2152 522 2204 contra
539 2142 637 2204 dnum
653 2141 871 2222 prepositum,
895 2151 928 2203 et
952 2140 1035 2203 dnus
1058 2139 1157 2221 Epus,
1180 2151 1218 2204 ut
1235 2141 1332 2202 iudex
1348 2141 1532 2214 ordinarius
1550 2139 1690 2204 absolvit
1707 2141 1805 2204 dnum

255 2248 412 2310 decanum
435 2249 476 2310 ab
501 2247 629 2310 infamia
653 2248 809 2330 sacrilegii
834 2249 901 2311 sive
924 2247 1012 2325 furti;
1037 2247 1241 2328 presentibus
1265 2245 1410 2310 Iohanne
1434 2245 1653 2327 Cosczenslcy,
1670 2247 1807 2310 Nicolao

254 2351 310 2416 Sul
333 2365 367 2418 et
391 2355 527 2417 Nicolao
551 2354 830 2428 vicethezaurariO,
855 2355 987 2418 notariis
1011 2354 1064 2418 dni
1088 2354 1162 2436 Epi.

468 2600 510 2664 A.
541 2615 640 2681 1445,
664 2601 770 2664 Martii
796 2618 853 2680 31,
878 2603 908 2664 in
932 2601 1084 2684 capitulo.

363 2739 449 2806 3ll.
488 2741 534 2822 (ii.
562 2743 621 2823 54).
657 2743 719 2806 Die
742 2744 933 2806 Mercurii..
969 2745 1000 2806 in
1036 2743 1123 2806 curia
1158 2743 1233 2805 Rmi
1265 2741 1368 2822 patris
1399 2741 1453 2802 dni
1484 2740 1618 2804 Andree
1648 2741 1753 2821 Epi..
1778 2741 1809 2803 in

256 2850 421 2929 presencia
444 2850 598 2912 duorum:
624 2853 795 2932 prepositi,
819 2851 931 2913 decani
958 2850 1243 2924 Wladislaviensis,
1267 2850 1424 2923 cantoris,
1460 2847 1619 2922 officialiS‚
1658 2847 1810 2910 Iohannis

257 2955 452 3030 Drzewicza,
477 2956 585 3018 Iacobi
621 2957 876 3038 Praszmowslry,
911 2958 1068 3027 custodis,
1107 2956 1294 3026 Clementis,
1330 2955 1485 3028 Miroslai,
1528 2954 1702 3036 Scothslry,
1728 2955 1811 3017 dnus

257 3061 346 3142 Epus
369 3062 538 3126 consessus
562 3075 670 3126 estse
695 3067 796 3127 teneri
820 3066 884 3126 dno
909 3066 1033 3127 decano
1057 3063 1317 3126 Wladislaviensi
1339 3063 1509 3143 octoginta
1525 3063 1668 3144 quinque
1686 3082 1810 3124 marcas

255 3171 285 3230 in
311 3169 424 3233 mediis
447 3172 578 3251 grossis,
602 3181 635 3233 et
659 3173 891 3235 mercatoribus
908 3172 948 3234 de
972 3170 1199 3253 Norumberga
1219 3171 1397 3252 nonaginta
1421 3171 1489 3232 sine
1518 3170 1661 3250 quinque
1684 3171 1809 3239 marcis,
1918 3179 1921 3188 ’

255 3276 416 3340 soluturus
439 3277 570 3340 easdem
594 3279 635 3340 ad
659 3277 784 3342 festum
800 3278 986 3341 Natiuitatis
1003 3277 1122 3341 Christi
1138 3298 1240 3358 prox..
1265 3289 1298 3340 et
1322 3280 1347 3340 si
1371 3279 1402 3338 in
1427 3287 1584 3358 quantum
1603 3276 1710 3338 medio
1733 3287 1811 3338 tem·

257 3403 337 3463 porc
360 3384 423 3445 deo
447 3385 655 3464 permittente
679 3387 784 3466 ipsum
808 3386 906 3447 dnum
932 3386 1038 3466 Epum
1063 3386 1267 3466 contingeret
1284 3384 1440 3446 decedere
1462 3384 1504 3446 ab
1520 3383 1581 3445 hac
1598 3383 1676 3454 luce,
1694 3382 1809 3464 prefati

257 3490 311 3552 dni
334 3491 510 3571 capitulum
532 3492 668 3554 ecclesie
692 3493 828 3554 Poznan.
854 3513 889 3556 se
913 3493 1095 3554 huiusmodi
1119 3492 1227 3554 debita
1252 3494 1292 3553 de
1316 3512 1428 3553 mensa
1452 3491 1513 3570 Epi
1537 3491 1665 3553 solvere
1689 3490 1809 3570 obliga·

258 3607 331 3660 runt
355 3618 415 3678 pro
443 3600 592 3662 examitis
629 3620 689 3679 pro
725 3601 860 3661 ecclesia
895 3600 1028 3680 emptis;
1064 3599 1269 3679 presentibus
1305 3599 1376 3660 duis
1412 3598 1555 3660 Iohanne
1590 3596 1809 3677 Cosczensky,

257 3723 350 3786 mgro
374 3705 510 3767 Nicolao
534 3707 574 3768 de
599 3705 737 3783 Costen,
761 3705 953 3770 Strzescone
977 3717 1038 3769 etc.

470 3951 513 4013 A.
543 3965 641 4032 1445,
666 3950 788 4033 Aprilis
817 3967 871 4030 13,
896 3951 927 4013 in
952 3950 1105 4032 capitulo.

366 4109 452 4178 3l2.
478 4113 527 4194 (II.
556 4113 631 4195 54⁰).
657 4113 718 4176 Die
742 4113 896 4176 Martis..
928 4112 982 4174 dni
1010 4113 1212 4194 prepositus,
1244 4123 1365 4182 cantor,
1396 4121 1523 4182 custos
1553 4108 1810 4187 Praszmowsky,

257 4219 418 4281 Iohannes
453 4219 649 4296 Drzewicza,
685 4219 845 4282 Iohannes
880 4219 920 4281 de
955 4220 1155 4299 Nyewesch,
1192 4219 1360 4288 Clemens,
1395 4216 1551 4288 Mathias,
1588 4215 1741 4278 Nicolaus
1769 4215 1809 4276 de

258 4325 457 4405 Nyewesch,
482 4325 656 4407 Czaczslry,
681 4327 837 4400 Rakvicz,
873 4326 1104 4409 Sandivogius,
1140 4325 1306 4405 Scothsky
1331 4325 1568 4404 deputaverunt
1592 4323 1675 4384 dnos
1698 4333 1809 4384 canto-

258 4453 324 4494 rem
350 4443 383 4495 et
406 4433 574 4496 custodem
609 4434 650 4495 ad
686 4435 1014 4496 convencionem
1051 4435 1081 4495 in
1117 4432 1342 4504 Siradiam,
1379 4442 1411 4493 et
1436 4427 1699 4514 [concluserunt],
1724 4428 1811 4510 quod

258 4541 455 4603 munimenta
479 4550 512 4603 et
536 4541 702 4623 privilegia
726 4540 766 4603 de
790 4541 941 4604 thesauro
966 4540 1100 4603 ecclesie
1124 4541 1240 4603 dentur
1263 4539 1350 4620 ipsis

475 4785 519 4849 A.
548 4799 644 4867 1445,
668 4785 792 4867 Aprilis
821 4801 867 4866 17,
892 4786 923 4848 in
947 4786 1098 4867 capitulo.

366 4941 453 5009 313.
479 4945 526 5026 (II.
552 4947 611 5026 55).
647 4945 709 5007 Die
730 4943 922 5008 Saturni...
958 4966 1065 5008 vener.
1099 4945 1152 5007 dni
1185 4945 1224 5006 N.
1249 4945 1509 5016 archidiaconus,
1547 4944 1661 5006 Petrus
1685 4953 1807 5016 cantor,

258 5053 298 5114 N.
322 5065 449 5126 custos,
485 5053 741 5132 Praszmowsky,
773 5051 934 5115 Iohannes
959 5053 1156 5132 Drzewicza,
1193 5051 1324 5124 Hector,
1360 5051 1528 5123 Clemens,
1564 5050 1811 5130 Twardowsky,

258 5159 420 5222 Iohannes
443 5158 483 5221 de
508 5158 708 5240 Nyewesch,
744 5159 931 5236 Miroslaus,
967 5159 1120 5220 Nicolaus
1144 5159 1184 5220 de
1209 5159 1408 5239 Nyewesch,
1445 5159 1604 5228 Rakvicz,
1636 5156 1810 5236 Czaczslry,

259 5265 426 5347 Scothslry
449 5267 719 5336 determinarunt,
744 5267 830 5347 quod
854 5267 925 5328 dnis
948 5269 1070 5328 cantori
1095 5278 1127 5328 et
1151 5266 1278 5328 custodi
1300 5267 1463 5344 deputatis
1494 5265 1535 5327 ad
1559 5265 1811 5326 convencio-

261 5392 350 5434 nem
385 5371 678 5436 Siradiensem
718 5395 777 5454 pro
813 5373 897 5436 festo
932 5373 963 5436 b.
1005 5373 1176 5435 Adalberti
1217 5374 1369 5434 indictam
1409 5373 1525 5434 dentur
1563 5371 1811 5434 distribuciones

259 5480 462 5560 quottidiane
485 5490 518 5543 et
542 5481 757 5548 anniversaria
782 5499 883 5562 usque
906 5501 964 5562 per
987 5479 1035 5542 IV
1068 5481 1136 5544 dies
1167 5479 1320 5544 inclusive
1353 5489 1429 5564 post
1454 5478 1701 5542 dissolucionem
1727 5479 1812 5550 dicte

259 5607 497 5652 convencionrs.
