4458 6356
878 547 968 598 4444444
989 545 1094 600 4444-
1104 545 1183 600 4444.
1775 563 1790 631 5
1797 565 1814 629 3

260 641 933 648 ——--—.....---.——-—-——-—-·...—-—-——-.—
940 640 1127 648 ——-—-
1138 641 1242 648 ’--

262 779 351 842 ganS,
387 760 477 842 quod
500 759 560 822 sibi
585 779 651 822 non
675 760 876 823 constitisset
906 758 1064 824 hactenus
1088 760 1129 822 de
1151 759 1310 841 aliquibus
1342 759 1480 824 decretis
1510 760 1615 824 sinodi
1638 761 1817 841 provincia·

261 867 308 942 114,
332 887 431 948 super
454 867 570 949 quibus
594 867 678 930 dnus
701 867 793 949 Epus
817 866 902 931 facta
925 869 1168 949 protestacione
1193 868 1286 948 petiit
1309 868 1534 930 instrumenta.

475 1076 519 1140 A.
548 1093 640 1157 1443,
660 1076 800 1158 Januarii
825 1080 875 1152 28,
900 1078 931 1139 in
954 1077 1107 1160 capitulo.

368 1213 457 1284 2113.
481 1218 531 1300 (ΙΙ.
562 1218 638 1298 440).
673 1217 754 1282 Item
790 1218 910 1282 ibidem
945 1231 1188 1294 consensemnt,
1224 1220 1311 1301 quod
1343 1219 1426 1282 dnus
1456 1219 1547 1302 Epus
1578 1219 1619 1282 ad
1650 1219 1817 1284 arbitrium

261 1343 354 1388 suum
377 1325 520 1408 corrigat
543 1325 575 1387 in
610 1324 695 1388 lide
729 1337 961 1408 suspectos
995 1325 1035 1390 de
1060 1326 1275 1404 Dabanschin,
1308 1329 1351 1391 ita
1375 1338 1493 1402 tamen,
1525 1326 1614 1408 quod
1635 1347 1693 1408 per
1720 1346 1816 1389 unam

260 1431 476 1513 septimanam
501 1432 652 1496 incedant
676 1453 750 1496 cum
775 1453 869 1496 cruce
893 1434 1059 1515 obprobrii
1074 1434 1108 1514 1).

473 1642 517 1708 A.
548 1661 640 1724 1443,
665 1643 832 1708 Februarii
856 1659 886 1726 7,
910 1645 942 1708 in
966 1646 1119 1727 capitulo.

366 1781 455 1852 264.
478 1787 515 1849 II.
545 1787 607 1870 15⁰)
632 1788 693 1874 Die
716 1788 844 1852 iovis..
880 1787 997 1869 prefati
1021 1788 1120 1852 dni..
1156 1788 1394 1870 suspenderunt
1425 1786 1525 1850 dnum
1549 1786 1752 1851 Clementem
1776 1787 1816 1850 de

261 1893 444 1957 Drzewicza
468 1916 488 1957 a
512 1895 754 1968 refeccionibus,
773 1905 806 1958 et
829 1915 849 1956 a
866 1895 1008 1976 capitulo
1032 1916 1135 1976 usque
1158 1894 1200 1957 ad
1223 1895 1418 1957 decisionem
1443 1893 1506 1956 litis
1523 1913 1596 1956 cum
1612 1893 1679 1956 dno
1703 1914 1818 1976 prepo-

261 2001 332 2074 sito,
357 2020 472 2077 exeo,
496 2001 584 2084 quod
601 2002 682 2064 dixit
706 2003 811 2066 dictos
835 2001 918 2065 dnos
942 2002 1147 2096 prophanare
1170 2001 1285 2083 divina,
1310 2001 1384 2084 quia
1406 2001 1727 2066 communicaverunt
1750 2001 1816 2062 dno

261 2108 446 2190 preposit0,
481 2119 515 2174 et
548 2120 684 2192 propter
718 2108 781 2171 hoc
816 2110 918 2172 eciam
943 2109 1033 2191 ipsos
1064 2131 1137 2172 esse
1168 2109 1478 2184 excommunicatos,
1510 2128 1607 2190 super
1637 2128 1702 2190 quo
1733 2106 1816 2170 dnus

260 2214 533 2298 Praschmowslry
564 2226 756 2297 procurator
786 2217 918 2298 capituli
942 2218 1073 2278 nomine
1097 2217 1239 2277 omnium
1264 2225 1297 2278 et
1320 2215 1451 2296 capituli
1475 2224 1677 2298 protestatus
1700 2223 1758 2290 est,
1783 2223 1817 2278 et

263 2323 426 2386 estimavit
449 2323 594 2385 iniuriam
618 2323 659 2385 ad
683 2323 748 2386 duo
773 2323 870 2386 millia
894 2323 1097 2386 florenorum.

369 2452 457 2522 265.
482 2456 579 2540 (ibid.)
614 2456 738 2520 Ibidem
769 2457 835 2520 dno
867 2455 989 2522 Mathie
1019 2456 1096 2520 Dria
1127 2455 1252 2518 decano
1275 2465 1341 2520 tres
1364 2475 1490 2520 marcas
1513 2455 1554 2518 de
1578 2475 1635 2518 sua
1659 2454 1817 2538 pensione

262 2563 501 2646 suspenderunt
524 2564 565 2626 ad
589 2564 766 2646 capitulum
790 2564 942 2646 generale
964 2563 1005 2627 ad
1029 2564 1147 2628 festum
1163 2563 1247 2626 Petri
1274 2583 1369 2644 prox.
1394 2562 1631 2636 celebrandum,
1648 2572 1681 2625 et
1697 2561 1816 2624 ibidem

262 2672 436 2754 protestati
467 2682 550 2748 sunt,
585 2672 674 2754 quod
698 2672 781 2736 dnus
806 2671 957 2736 Clemens
981 2671 1022 2734 de
1047 2671 1232 2736 Drzewicza
1267 2672 1401 2734 interest
1436 2669 1551 2732 divinis
1582 2679 1615 2732 et
1646 2669 1817 2751 participat

264 2865 571 2878 ——w-——e—

370 2985 389 3055 ¹)
408 2987 450 3036 Na
468 2987 548 3053 1444444)
567 2987 655 3038 1444444
673 2989 799 3054 zapisanej
820 2988 925 3054 pismem
938 2989 1032 3037 bardzo
1047 2987 1205 3054 wyblalrlem,
1225 2988 1233 3036 i
1250 2981 1817 3050 44441444440444)444044441411-414)14414ςί

263 3077 347 3127 alrtdw
366 3077 481 3144 kapituly
508 3077 681 3143 Poznarislriej,
711 3080 825 3144 4441414414
844 3079 968 3143 4141411144
996 3077 1096 3142 zapiselr
1124 3077 1275 3142 nalelqcych
1294 3079 1327 3126 do
1347 3093 1366 3127 r.
1390 3087 1464 3138 1443.
1503 3073 1647 3123 Zawartosd
1675 3075 1708 3138 tej
1733 3071 1816 3121 14444141

261 3183 278 3215 0
291 3167 323 3217 114
336 3167 463 3233 aasluguje
482 3184 515 3216 na
533 3184 634 3234 uwagq,
655 3168 790 3234 podajemy
805 3187 826 3216 w
840 3179 923 3228 notce,
942 3167 1077 3216 albowiem
1096 3165 1248 3231 wqtpliwem
1265 3167 1322 3230 jest,
1342 3181 1385 3230 czy
1398 3181 1481 3230 mamy
1493 3165 1527 3213 do
1547 3163 1676 3229 czynienia
1694 3179 1707 3210 z
1726 3161 1816 3226 14444144

261 3257 296 3306 410
314 3256 395 3322 14414ςί
413 3258 551 3323 kapitulnej
571 3258 703 3322 nalelch,
722 3275 765 3323 czy
784 3258 823 3307 441
841 3259 919 3321 raczej
938 3256 1131 3321 zlragmentem
1150 3255 1275 3316 brulionu,
1295 3255 1426 3319 zlrtdrego
1446 3265 1578 3319 notnryusz
1597 3252 1730 3318 kapitulny
1749 3265 1813 3300 0444·

261 3346 305 3412 paI
322 3363 381 3412 pray
400 3345 597 3412 praepisywauin
616 3363 650 3396 na
669 3356 752 3412 caysto
772 3346 932 3412 protolroldw
951 3347 1102 3412 posiedzeri;

372 3447 393 3487 4.
430 3436 524 3486 Christi
542 3437 644 3486 nomine
664 3437 791 3496 invocato,
812 3451 858 3501 pro
877 3436 996 3485 tribunali
1015 3436 1131 3484 sedentes
1150 3444 1175 3484 et
1194 3433 1276 3482 solum
1295 3433 1369 3480 deum
1389 3447 1433 3496 pre
1453 3430 1533 3479 oculis
1552 3429 1685 3487 habentes,
1705 3429 1737 3477 de
1757 3443 1814 3477 con·

260 3524 325 3584 silio,
345 3525 475 3576 voluntate
494 3535 520 3576 et
538 3541 640 3576 assensu
659 3524 749 3574 honor.
770 3535 794 3574 et
814 3541 897 3577 vener.
917 3526 1025 3574 dnorum
1053 3523 1183 3590 prepositi,
1202 3522 1305 3581 decani,
1326 3519 1497 3570 archidiaconi
1523 3514 1735 3586 ceterorumlque]
1755 3518 1817 3565 duo·

260 3629 314 3662 rum
333 3613 488 3679 prelatorum
507 3625 532 3664 et
551 3615 729 3664 canonicorum
749 3625 834 3663 nostre
853 3615 958 3664 ecclesie
978 3614 1086 3666 Poznan.
1106 3624 1164 3664 tunc
1182 3613 1213 3662 ad
1227 3626 1317 3661 sonum
1331 3625 1454 3675 campane
1473 3605 1693 3674 capitulariter...
1713 3621 1816 3671 congre·

261 3712 389 3767 gatorum.
411 3701 499 3752 habita
518 3704 599 3770 primo
618 3704 733 3769 diligenti
752 3704 917 3769 inquisicione
937 3704 1086 3770 testiumque
1106 3705 1263 3769 ydoneorum
1282 3701 1415 3750 citatorum
1434 3707 1459 3748 et
1478 3699 1614 3748 iuratorum
1634 3697 1719 3746 audita
1738 3697 1815 3761 depo-

262 3791 358 3841 sicione
380 3793 561 3857 comperimus:
591 3793 746 3842 Iobanem
774 3794 899 3842 Boczan
927 3793 1048 3843 vicarium
1067 3792 1238 3844 cathedralem
1265 3790 1362 3856 prefate
1390 3797 1475 3838 nostre
1498 3787 1604 3836 ecclesie
1624 3786 1699 3836 luisse
1717 3795 1742 3835 et
1761 3801 1816 3835 esse

262 3879 530 3932 blasfematorem
548 3897 568 3934 s.
588 3881 723 3942 Calixti,
744 3882 920 3943 detractorem,
941 3881 1124 3944 oblocutorem,
1144 3881 1380 3946 cognominatorem
1398 3888 1423 3928 et
1443 3877 1670 3927 dehonestatorem
1695 3889 1814 3940 persona-

263 3987 317 4020 rum
336 3970 561 4022 ecclesiasticarum
580 3980 632 4021 tam
652 3971 805 4036 prelatorum
825 3988 900 4038 quam
920 3971 1099 4022 canonicorum
1117 3981 1142 4021 et
1155 3979 1295 4020 ceterorum
1314 3969 1382 4035 apud
1402 3968 1483 4034 ipsam
1501 3967 1634 4016 ecclesiam
1655 3965 1814 4029 <legencium

261 4059 433 4126 scandalaque
451 4060 600 4125 gravissima
619 4061 698 4110 eciam
718 4077 822 4126 pyrrum
842 4062 939 4110 aurium
957 4062 1080 4111 0114444144
1099 4061 1306 4120 committentem,
1325 4067 1350 4108 et
1369 4058 1404 4106 ob
1422 4055 1472 4108 boc
1490 4072 1536 4121 per
1554 4055 1621 4104 banc
1640 4064 1753 4104 nostram
1772 4053 1817 4101 dil·

261 4148 385 4200 snritivam
403 4149 566 4206 sentenciam,
586 4165 661 4216 quarn
674 4150 700 4198 144
712 4148 760 4198 14114
774 4150 872 4216 scriptis
891 4150 998 4212 serimus,
1019 4150 1132 4216 dicimus,
1152 4149 1347 4215 pronunciamus
1365 4155 1390 4195 et
1404 4146 1562 4196 declaramus
1581 4144 1705 4210 prelatum
1724 4142 1815 4192 Iohan-

261 4253 319 4286 nem
338 4239 437 4288 Bocaan
456 4247 584 4304 tamquam
604 4239 680 4288 talem
706 4239 791 4288 debite
810 4240 963 4304 puniendum
983 4237 1037 4287 1044
1056 4247 1080 4287 44
1102 4239 1193 4304 puniri,
1212 4236 1341 4286 144444114ἰί4
1370 4234 1555 4296 44414414441414,
1574 4249 1623 4299 que
1641 4233 1748 4298 optinet,
1768 4233 1816 4298 pn'·

260 4327 371 4376 vandum
390 4325 445 4376 iore
463 4336 489 4377 et
507 4328 607 4392 privari,
627 4327 884 4393 incarcerandumque
903 4337 928 4377 et
947 4329 1095 4378 incarcerari
1123 4327 1279 4392 temporibus
1308 4325 1435 4391 perpetuis
1456 4323 1557 4382 debere,
1583 4331 1608 4372 et
1624 4323 1817 4382 incarceramus,

260 4415 308 4465 41141
327 4431 401 4482 super
420 4416 540 4482 predictis
558 4417 758 4467 detractionibus
777 4427 802 4466 et
821 4417 1113 4469 dehonestaciouibus..
1142 4417 1272 4466 silencium
1291 4415 1465 4480 imponentes;
1491 4413 1560 4462 cuius
1585 4411 1713 4461 sentencie
1731 4412 1818 4458 mode-

261 4520 348 4554 tamen
367 4505 442 4555 nobis
461 4507 486 4554 in
506 4514 635 4571 posterum
654 4523 819 4556 reservamus.

370 4607 394 4645 a.
431 4594 524 4643 Prim
536 4611 573 4644 us
596 4605 650 4644 tes
661 4604 670 4645 t
681 4596 711 4645 is
731 4595 816 4645 Petrus
832 4595 893 4659 Jaca
907 4609 959 4642 4404
971 4609 1002 4642 ex
1015 4593 1074 4643 odio
1093 4603 1182 4642 contra
1201 4593 1301 4641 Boczan
1319 4586 1460 4658 [deponit]:
1483 4605 1551 4638 anno
1564 4587 1684 4654 preterito
1698 4587 1723 4636 144
1736 4597 1816 4636 estate

264 4683 413 4734 1444414414
437 4682 501 4732 hora
520 4685 653 4734 terciarum
681 4685 816 4734 circuendo
844 4683 1036 4749 circumquaque
1055 4683 1119 4732 intra
1138 4682 1271 4732 ecclesiam
1298 4689 1387 4730 contra
1414 4679 1492 4728 dnum
1511 4678 1601 4743 Epum,
1621 4685 1710 4727 contra
1737 4677 1815 4726 dnum

264 4771 405 4822 Ollicialem
424 4781 449 4823 et
468 4773 540 4835 alios,
562 4773 587 4822 in
606 4783 676 4822 carta
694 4782 836 4832 contentos,
856 4788 895 4836 ea,
914 4788 962 4838 que
982 4771 1142 4822 continentur
1161 4772 1186 4820 144
1205 4779 1288 4835 carta,
1308 4769 1436 4820 consessus
1454 4777 1490 4817 est
1510 4783 1565 4816 esse
1584 4783 1642 4816 vera
1661 4781 1707 4832 per
1731 4765 1816 4814 0444414

263 4877 308 4926 per
326 4861 426 4910 Boczan
445 4862 522 4912 dicta.
560 4863 694 4912 Cracovita
714 4862 818 4927 prestito
839 4857 979 4911 iuramento
993 4863 1025 4910 de
1038 4861 1144 4910 veritate
1163 4860 1271 4910 dicenda
1289 4859 1392 4924 negavit
1413 4857 1587 4907 narracionem
1606 4871 1677 4905 suam
1690 4867 1715 4904 et
1728 4863 1817 4920 postea

262 4951 418 5014 recognovit,
437 4950 641 5016 relerenteJaca,
662 4951 762 5000 Boczan
780 4952 864 5000 dicere
876 4950 965 5000 habuit
984 4951 1121 5000 beatum
1141 4949 1309 4999 Calixtum
1327 4965 1401 4998 esse
1420 4942 1816 5011 dampnatum-Secun-

262 5039 321 5088 dus
343 5039 444 5088 testis
472 5039 582 5090 Mathias
602 5041 736 5090 Cracovita
756 5057 804 5107 que
824 5041 971 5106 conscripsit
995 5041 1062 5089 dicta
1081 5049 1105 5088 et
1125 5038 1191 5088 facta
1216 5049 1303 5088 contra
1328 5037 1471 5086 Iohannem
1499 5037 1606 5086 Boczan.
1628 5063 1660 5072 —
1680 5034 1817 5084 Tercius

262 5128 361 5178 testis
381 5127 510 5178 Iohannes
529 5129 684 5179 baccalarius
709 5130 826 5195 deposuit
846 5139 934 5180 contra
952 5130 1037 5178 Iacarn
1057 5137 1082 5178 et
1101 5129 1268 5190 Cracovitarn,
1288 5145 1303 5176 a
1322 5126 1412 5194 quibus
1431 5126 1528 5176 audivit
1547 5125 1643 5176 referri.
1681 5125 1757 5173 Anno
1773 5123 1817 5172 dui

261 5225 308 5267 etc.
329 5215 423 5282 XLIII,
442 5217 584 5268 indiccione
603 5217 682 5268 Vita.

370 5317 394 5368 3.
433 5306 516 5368 Luue,
533 5321 551 5368 4
569 5308 707 5369 Februarii,
727 5308 752 5356 in
771 5309 849 5358 domo
869 5308 913 5357 dni
932 5308 1054 5374 prepositi
1081 5307 1144 5355 hora
1170 5306 1302 5356 terciarum
1330 5313 1421 5370 sponte
1448 5304 1594 5354 obtulerunt
1618 5318 1646 5352 se
1665 5302 1817 5368 probaturos

264 5402 352 5444 contra
370 5395 470 5444 Bocaan
489 5397 536 5446 sub
555 5397 700 5462 privacione
720 5398 900 5447 beneficiorum
919 5414 948 5447 ac
968 5397 1107 5446 carceribus
1127 5413 1156 5445 ac
1170 5395 1358 5460 proscripcione
1377 5395 1409 5442 de
1428 5393 1523 5442 diocesi
1539 5393 1601 5457 Jaca
1619 5401 1644 5441 et
1663 5389 1817 5440 Cracovitba

263 5483 296 5532 ad
315 5484 396 5533 minus
415 5485 515 5535 duobus
534 5486 678 5551 presbiteris
696 5497 721 5535 et
740 5487 839 5536 duobus
857 5486 929 5536 laicis
948 5485 1088 5550 fidedignis,
1108 5485 1171 5534 alins
1190 5485 1223 5534 ad
1241 5500 1334 5550 penam
1352 5482 1465 5542 canonis,
1478 5481 1564 5544 Extra,
1584 5481 1624 5530 De
1636 5479 1816 5545 calumpniato·

263 5571 331 5622 ribus
351 5571 400 5636 (tit.
421 5573 485 5624 adus
504 5575 562 5624 libri
582 5573 635 5626 v-ti
654 5575 832 5625 Decretalium
852 5574 969 5642 Gregorii
989 5573 1043 5642 IX),
1063 5574 1194 5640 probaturi
1213 5571 1278 5622 144144
1298 5581 1355 5623 0440
1375 5571 1437 5622 dies.
