4458 6356
920 587 1010 637 ANNI
1035 585 1112 642 1443.
1762 605 1799 674 53

248 677 574 687 u—-—————.——
1600 683 1803 691 —m—

248 799 313 861 iure
337 801 552 880 acquisierant
575 801 747 874 mediante,
773 821 835 882 que
859 801 968 864 debita
992 812 1025 864 et
1049 803 1149 864 eciam
1182 802 1416 864 arrestaciones
1447 804 1534 882 ipsas
1566 823 1625 884 pro
1650 802 1703 865 illo
1728 803 1802 865 Rdo

247 916 340 986 patre
364 905 440 970 olim
464 907 538 988 Epo
556 919 666 970 vestro
684 907 846 971 Czolcone
870 908 933 970 divi
951 909 1086 971 recordii
1110 930 1207 991 super
1222 929 1283 972 vos
1299 911 1494 990 receperatis
1518 919 1551 972 et
1568 910 1802 984 intercessistis,

248 1013 364 1094 quibus
388 1035 449 1078 nos
479 1015 581 1077 eciam
613 1017 708 1078 scribi
740 1016 887 1078 iussimus
912 1017 944 1077 in
967 1035 1007 1077 eo
1031 1018 1178 1097 negoci0,
1210 1017 1297 1097 quod
1321 1017 1613 1098 etipsiconsules
1637 1017 1803 1098 usquead

248 1119 350 1202 ipsam
374 1121 494 1184 dietam
517 1121 558 1184 ad
582 1121 742 1184 XLmam
768 1121 924 1198 fiendam,
949 1122 980 1183 id
1004 1123 1110 1202 ipsum
1135 1122 1284 1186 differant
1308 1133 1340 1186 et
1364 1143 1424 1186 vos
1448 1125 1627 1204 inquietare
1659 1145 1803 1205 superse·

249 1227 355 1302 deant,
380 1228 489 1309 ibique
513 1228 646 1290 domino
669 1230 802 1308 auspice
825 1229 919 1291 vobis
935 1239 968 1292 et
985 1229 1046 1292 illis
1070 1230 1228 1292 iusticiam
1254 1241 1402 1310 optatam
1426 1231 1607 1292 ministrare
1630 1230 1803 1310 iaciemus3

249 1335 325 1396 visis
349 1336 434 1398 enim
459 1346 670 1418 utrorumque
694 1337 813 1400 iuribus
837 1335 983 1418 singulos
1007 1337 1090 1398 circa
1106 1337 1230 1398 iusticie
1253 1338 1529 1418 complementum
1552 1337 1731 1417 relinquere
1754 1358 1804 1398 cu·

248 1442 400 1506 rabimus.
439 1441 502 1506 Pro
526 1453 619 1506 tanto
643 1443 740 1526 igitur
764 1443 954 1525 requirimus
977 1443 1115 1506 Vestras
1139 1443 1359 1506 Venerancias
1376 1454 1408 1506 et
1424 1443 1600 1514 hortamur,
1626 1445 1803 1526 precipien-

248 1557 298 1611 tes
322 1558 355 1612 et
379 1548 500 1612 habere
535 1549 692 1624 volentes
729 1550 879 1630 quatinus
903 1558 936 1611 et
959 1548 1103 1630 prelatos
1139 1550 1289 1612 consules
1325 1560 1456 1612 nostros
1480 1551 1521 1612 ab
1547 1550 1728 1612 huiusmodi
1752 1571 1804 1612 ex·

248 1655 600 1718 communicacionibus
631 1667 664 1718 et
695 1655 812 1718 ceteris
843 1656 1112 1736 oppressionibus
1142 1657 1287 1720 relaxare
1318 1656 1465 1720 debeatis
1489 1667 1522 1719 et
1546 1657 1586 1719 de
1610 1668 1719 1720 cetero
1744 1677 1804 1738 pro

248 1761 321 1841 ipso
344 1761 442 1824 fluvio
466 1761 603 1824 Wartha
627 1772 660 1825 et
683 1762 753 1823 aliis
777 1761 1023 1842 quibuscunque
1046 1764 1152 1825 causis
1179 1764 1330 1826 invadere
1354 1773 1386 1825 et
1410 1765 1692 1826 excommunicare
1717 1763 1806 1825 nulla

248 1869 443 1948 presumatis
468 1870 605 1940 racione,
630 1888 743 1948 ymmo
765 1869 867 1929 eciam
892 1879 926 1932 et
948 1888 1008 1930 vos
1032 1889 1104 1930 cum
1130 1870 1249 1931 iuribus
1273 1871 1398 1942 vestris
1423 1871 1449 1932 si
1474 1890 1535 1951 que
1559 1870 1699 1932 dicimini
1723 1871 1805 1934 obti-

249 1995 325 2037 nere
347 1975 388 2036 de
408 1977 480 2056 ipso
505 1973 601 2036 fluvio
625 1975 791 2055 predicto,
816 1974 856 2035 ad
880 1975 984 2054 ipsam
1008 1975 1128 2037 dietam
1153 1977 1291 2038 irrecuse
1323 1977 1431 2038 venire
1463 1977 1609 2039 debeatis
1641 1989 1673 2040 et
1698 1987 1806 2040 certos

249 2092 378 2145 vestros
402 2084 442 2145 de
466 2083 584 2144 iniuriis
619 2083 736 2144 vestris
758 2081 800 2143 ad
825 2081 956 2161 plenum
993 2081 1184 2144 informatos
1215 2081 1357 2144 infacto
1389 2083 1520 2162 capituli
1555 2083 1716 2146 destinare
1739 2105 1804 2146 non

249 2189 424 2271 negligatis
441 2187 699 2272 [procuratores],
717 2189 811 2251 simul
827 2197 860 2252 et
872 2188 951 2268 ipsis
968 2187 1154 2251 consulibus
1170 2208 1243 2250 cum
1261 2189 1379 2252 iuribus
1396 2209 1507 2251 eorum
1521 2191 1630 2252 venire
1642 2190 1804 2252 mandabi-

250 2315 320 2360 mus
344 2306 378 2359 et
401 2295 531 2359 tandem
558 2297 656 2359 dante
679 2296 745 2358 dno
769 2295 864 2358 finem
889 2295 1039 2358 omnibus
1063 2296 1277 2377 imponemus.
1326 2295 1446 2359 Datum
1471 2297 1584 2360 Bude
1608 2297 1628 2360 i.
1653 2297 1748 2360 Vl-ta
1771 2299 1803 2359 in

249 2403 391 2466 crastino
414 2399 447 2466 S.
472 2402 639 2466 Valentini
663 2403 804 2466 Martiris
827 2421 914 2464 anno
938 2412 1000 2465 etc.
1025 2401 1086 2464 XL
1110 2403 1221 2465 tercio.
1247 2403 1292 2484 (d.
1320 2419 1353 2483 15
1377 2403 1674 2485 Februarzi'1443).

463 2649 508 2712 Α.
538 2666 631 2736 1443,
655 2649 780 2732 Aprilis
802 2668 832 2729 9,
856 2649 887 2711 in
911 2649 1066 2731 capitulo.

358 2789 446 2858 273.
471 2793 520 2869 (II.
552 2792 611 2872 19).
636 2792 759 2856 Ibidem
784 2794 1014 2854 commiserunt
1031 2792 1093 2854 iam
1110 2793 1254 2872 recipere
1278 2811 1416 2853 examen
1433 2811 1531 2872 super
1546 2791 1696 2872 dampnis
1713 2793 1804 2858 iactis

251 2901 282 2962 in
306 2898 418 2963 Gorka
441 2900 495 2963 dni
519 2900 629 2962 iacobi
653 2900 693 2962 de
717 2898 839 2962 Grandi
863 2919 921 2980 per
945 2898 1254 2962 exercituales.

466 3127 509 3192 A.
540 3145 631 3208 1443,
655 3127 778 3210 Aprilis
807 3127 853 3202 16,
877 3129 908 3190 in
932 3127 1084 3209 capitulo.

357 3267 446 3336 274.
471 3267 609 3352 (li.19⁰)
633 3270 746 3332 Martis
762 3269 1003 3351 XV(s)Aprilis
1017 3316 1044 3332 ..
1070 3268 1173 3330 Rmus
1197 3279 1291 3349 pater
1315 3269 1396 3330 dnus
1413 3267 1517 3349 Epus,
1542 3271 1736 3353 prepositus,
1759 3291 1805 3334 ar·

251 3377 468 3450 chidiaconus,
485 3387 607 3449 cantor,
624 3375 769 3438 officialis
785 3387 817 3438 et
830 3386 999 3457 presentes
1023 3377 1195 3458 protestati
1220 3385 1309 3450 sunt,
1334 3373 1423 3457 quod
1439 3375 1553 3438 volunt
1577 3395 1649 3440 esse
1674 3389 1706 3440 et
1730 3389 1805 3443 sunt

252 3485 473 3548 neutrales
507 3503 574 3566 quo
601 3483 643 3545 ad
666 3482 806 3544 officium
835 3482 1077 3546 succollectoris
1104 3483 1269 3544 denarii
1298 3479 1330 3543 S.
1361 3481 1493 3558 Petri;
1521 3481 1666 3544 similiter
1697 3485 1804 3565 quoad

252 3591 496 3674 quibuscunque
519 3589 798 3672 appellacionibus
821 3589 1053 3654 adherendum.

465 3819 510 3884 A.
541 3835 633 3898 1443,
653 3819 725 3899 Julii
752 3837 779 3899 3,
804 3819 835 3882 in
859 3819 1002 3900 capitulo
1026 3819 1177 3900 generali.

318 3945 322 3950 ¹
359 3957 447 4028 275.
481 3961 531 4044 (II.
558 3961 636 4042 21⁰).
669 3960 733 4023 Dni
757 3959 1002 4023 archidiaconus
1026 3960 1173 4034 Poznan.,
1198 3969 1313 4023 cantor
1337 3959 1484 4032 Poznan.,
1515 3968 1626 4022 custos
1657 3961 1806 4034 Poznan.,

252 4067 495 4132 archidiaconus
511 4066 793 4131 Warschoviensis
817 4077 850 4130 et
873 4067 1003 4131 Luthco
1021 4069 1061 4129 de
1078 4067 1213 4129 Brzesze
1237 4065 1309 4128 ituri
1333 4085 1405 4128 cum
1430 4065 1495 4128 dno
1519 4066 1593 4148 Epo
1610 4087 1722 4130 versus
1738 4089 1807 4150 par-

251 4185 302 4241 tes
324 4175 471 4239 Mazovie
494 4174 594 4260 [sunt]
619 4175 774 4256 deputati.

358 4311 444 4382 276.
469 4315 519 4398 (ΙΙ.
542 4316 607 4394 22).
633 4315 736 4378 Rmus
760 4325 852 4396 pater
875 4313 958 4378 dnus
981 4313 1072 4396 Epus
1096 4314 1168 4377 duis
1192 4315 1335 4394 capitulo
1360 4315 1641 4378 consencientibus
1666 4336 1805 4396 pronun-

252 4425 348 4487 ciavit
371 4423 516 4486 ordinem
541 4421 755 4503 prelatorum:
778 4421 818 4484 ad
842 4421 1010 4484 dexteram
1042 4422 1244 4503 prepositus,
1268 4431 1397 4502 cantor,
1421 4422 1629 4492 scolasticus,
1654 4423 1805 4486 cancella-

253 4533 326 4604 rius,
349 4528 547 4592 Srzemensis
576 4528 836 4606 archidiaconus;
859 4528 900 4590 ad
924 4529 1086 4592 sinistram
1117 4528 1275 4601 decanus,
1299 4527 1544 4591 archidiaconus
1568 4527 1724 4604 Poznan.,
1750 4551 1804 4592 cu-

252 4648 331 4712 stos,
355 4635 643 4710 Warschoviensis,
668 4635 868 4698 Pczewensis
890 4634 1118 4702 archidiaconi.

359 4773 447 4843 277.
472 4777 573 4860 (ibid.)
603 4777 685 4842 item
715 4777 941 4858 pronunciavit
972 4777 1118 4840 ordinem
1143 4778 1184 4838 ad
1216 4775 1412 4839 cantandum
1443 4776 1576 4838 missas:
1609 4778 1805 4856 prepositus,

251 4883 401 4959 decanus,
425 4885 669 4948 archidiaconus
693 4885 843 4959 Poznan.,
867 4895 989 4958 cantor,
1014 4883 1213 4958 scolasticus,
1237 4893 1357 4956 custos,
1390 4882 1607 4956 cancellarius,
1641 4881 1805 4946 Srzemen·

252 4993 303 5068 sis,
327 4989 614 5066 Warschoviensis,
638 4991 828 5055 Pczevensis
861 4990 1078 5054 archidiaconi
1086 5011 1094 5068 ;
1126 4991 1208 5053 dnus
1232 4989 1375 5053 Slawnik
1406 4989 1615 5052 cancellarius
1646 4999 1806 5070 protesta-

252 5109 305 5163 tus
328 5109 379 5164 est
403 5099 444 5162 de
467 5099 682 5180 pronunciato
708 5099 836 5177 ordine;
860 5097 1004 5170 similiter
1027 5097 1165 5160 lacobus
1197 5095 1396 5160 Srzemensis
1430 5095 1674 5161 archidiaconus
1702 5109 1806 5177 prote-

253 5215 359 5270 status
382 5215 434 5268 est
457 5205 498 5269 de
521 5207 717 5288 gravamine,
741 5216 775 5270 et
798 5207 966 5288 pecierunt
989 5207 1214 5270 instrumenta.

361 5343 449 5413 278.
475 5347 575 5430 (ibid.)
598 5347 680 5410 item
704 5339 946 5422 consenserunt,
971 5349 1058 5429 quod
1081 5346 1254 5429 collegium
1271 5348 1338 5410 sive
1355 5345 1492 5409 ecclesia
1508 5345 1681 5426 collegiata
1704 5357 1807 5408 trans-

254 5454 374 5518 feratur
397 5456 428 5518 in
452 5465 525 5519 toto
549 5454 590 5518 de
614 5453 791 5518 Gluschina
813 5454 855 5516 ad
878 5453 1046 5518 ecclesiam
1071 5475 1096 5522 s.
1121 5454 1222 5516 Marie
1245 5455 1277 5516 in
1295 5473 1422 5518 summo
1446 5453 1585 5516 Poznan.
1611 5453 1714 5527 sitam,
1739 5451 1806 5514 dno

251 5562 327 5645 Epo
351 5562 382 5624 id
406 5571 543 5644 optante
567 5573 600 5625 et
624 5573 848 5644 promovente.
