4390 6368
899 619 991 671 ANNI
1011 617 1089 675 1510.
1713 637 1772 707 197

1046 713 1151 722 -ι

214 834 316 897 eciam
340 855 425 897 nunc
460 834 604 898 altariste
635 844 691 898 aut
722 833 774 896 alii
796 834 979 899 beneficiati
1001 835 1181 900 inhabitant
1210 846 1243 899 et
1266 835 1445 917 possident,
1470 857 1529 918 per
1561 857 1688 900 cessum
1720 835 1773 902 vel

216 942 386 1016 decessum
409 953 565 1006 vacantes
601 941 677 1004 nulli
701 941 794 1006 alteri
818 942 1014 1006 beneficiato
1038 943 1253 1016 conferantur,
1290 944 1349 1006 nisi
1374 945 1500 1007 vicariis
1525 945 1774 1019 canonicalibus,

216 1050 278 1130 qui,
302 1059 338 1111 ut
355 1051 548 1130 premissum
572 1059 638 1122 est,
662 1049 703 1112 ad
727 1050 878 1114 obeunda
902 1059 935 1114 et
959 1051 1153 1132 complenda
1184 1050 1290 1112 officia
1314 1051 1428 1114 diurna
1452 1062 1485 1115 et
1508 1063 1666 1116 nocturna
1689 1053 1775 1117 dicte

216 1157 352 1220 ecclesie
375 1157 513 1220 Poznan.
538 1167 614 1221 sunt
638 1157 790 1240 obligati,
815 1179 865 1231 ne,
889 1161 915 1222 si
938 1159 1054 1222 domus
1089 1161 1172 1222 intra
1197 1179 1307 1222 muros
1339 1159 1408 1221 aliis
1431 1157 1630 1223 beneficiatis
1654 1160 1774 1224 confer-

216 1273 333 1336 rentur,
358 1265 495 1326 vicarios
530 1267 736 1346 contingeret
759 1265 800 1327 ab
825 1265 961 1328 ecclesia
997 1267 1125 1329 excludi
1149 1276 1182 1330 et
1206 1265 1314 1328 divina
1347 1266 1456 1328 officia
1480 1267 1614 1347 perinde
1638 1279 1775 1349 possent

215 1371 337 1452 negligi
360 1369 412 1434 vel
436 1371 565 1435 turbari.
605 1371 696 1453 Quas
727 1372 844 1436 domus
871 1373 1040 1436 vicariales
1073 1375 1156 1436 intra
1187 1394 1296 1436 muros
1330 1375 1548 1437 consistentes
1572 1376 1640 1455 pari
1664 1376 1774 1450 modo,

216 1479 298 1542 sicut
329 1479 534 1541 canonicales
570 1479 745 1542 modernus
780 1479 924 1544 Rmus..
957 1481 1039 1542 dnus
1072 1480 1234 1542 lohannes
1266 1480 1296 1542 d.
1329 1503 1361 1562 g.
1394 1481 1527 1545 Electus
1566 1481 1774 1545 confirmatus

215 1584 351 1648 ecclesie
376 1584 497 1648 Gnezn.
530 1597 563 1650 et
587 1588 773 1668 prepositus
809 1586 949 1650 Poznan.
982 1597 1015 1650 et
1043 1589 1090 1650 sui
1122 1607 1329 1650 successores
1359 1589 1517 1670 prepositi
1548 1588 1687 1654 Poznan.
1712 1611 1771 1670 pro

214 1702 363 1773 tempore
388 1695 583 1766 existentes,
614 1695 674 1766 ita,
700 1705 734 1757 ut
759 1695 949 1774 premissum
974 1705 1032 1768 est,
1056 1695 1088 1759 in
1113 1695 1256 1774 capitulo
1281 1696 1423 1776 generali
1447 1695 1487 1758 de
1504 1693 1644 1758 'consilio
1669 1696 1771 1777 prela·

216 1809 323 1862 torum
348 1813 382 1862 et
405 1803 635 1864 canonicorum
660 1801 803 1883 capitulo
827 1803 1086 1864 interessentium
1122 1802 1289 1865 conserent
1313 1813 1347 1866 et
1371 1804 1565 1884 consignent
1596 1825 1633 1865 ac
1658 1803 1698 1866 de
1723 1806 1770 1866 eis

215 1907 446 1988 providebunt,
472 1909 502 1968 in
527 1907 675 1972 absentia
696 1930 775 1972 vero
799 1911 957 1990 prepositi
981 1931 1000 1972 a
1024 1909 1167 1992 capitulo
1192 1911 1334 1992 generali
1351 1912 1500 1991 prelatus
1517 1922 1572 1973 aut
1593 1912 1768 1974 canonicus

216 2015 357 2095 capitulo
382 2015 561 2095 presidens,
598 2017 657 2090 ita,
693 2027 728 2079 ut
752 2019 946 2098 premissum
970 2027 1036 2090 est,
1072 2018 1113 2079 de
1136 2017 1286 2098 domibus
1318 2019 1546 2080 canonicorum
1571 2017 1611 2080 de
1635 2017 1771 2080 consilio

215 2121 347 2202 capituli
370 2122 411 2184 de
434 2122 585 2185 domibus
619 2124 809 2186 vicariorum
846 2145 976 2186 omnem
1012 2124 1144 2188 habebit
1170 2125 1356 2187 conserendi
1387 2135 1420 2188 et
1444 2127 1475 2188 in
1499 2125 1638 2188 solidum
1662 2127 1767 2198 dandi,

215 2229 343 2290 nonnisi
356 2239 480 2292 tantum
498 2231 630 2300 vicariis,
648 2231 851 2312 facultatem3
868 2232 1068 2294 renunciavit
1084 2242 1233 2313 preterea
1248 2241 1280 2293 et
1297 2233 1464 2296 renunciat
1477 2233 1620 2312 prefatus
1633 2233 1737 2296 Rmus
1747 2281 1773 2296 ..

214 2334 297 2397 dnus
332 2334 493 2398 lohannes
528 2336 557 2398 d.
589 2360 620 2418 g.
652 2337 785 2400 Electus
819 2337 1027 2401 confirmatus
1063 2337 1185 2401 Gnezn.
1212 2349 1246 2401 et
1279 2341 1465 2421 prepositus
1500 2340 1657 2414 Poznan.,
1682 2350 1716 2401 ut
1741 2350 1774 2402 et

215 2450 369 2523 tanquam
386 2445 581 2523 prepositus,
606 2445 756 2506 omnibus
779 2445 848 2508 aliis
873 2445 990 2518 modis,
1015 2445 1136 2508 iuribus
1160 2456 1192 2509 et
1209 2445 1496 2508 consuetudinibus
1511 2445 1551 2508 de
1568 2446 1772 2508 conserendis

215 2549 365 2612 domibus
388 2550 600 2630 prelatorum,
625 2552 854 2614 canonicorum
878 2572 916 2614 ac
933 2553 1124 2615 vicariorum
1141 2553 1382 2640 canonicalium,
1400 2563 1606 2634 preterquam
1623 2555 1771 2633 superius

214 2667 265 2720 est
281 2655 460 2730 laudatum,
485 2667 641 2722 statutum
666 2669 699 2722 et
723 2661 916 2744 ordinatum,
942 2661 1163 2742 observatum,
1185 2671 1326 2732 tentum,
1351 2662 1448 2722 etiam
1473 2661 1499 2722 si
1524 2660 1771 2740 quomodolibet

215 2774 325 2826 essent
348 2767 538 2834 continuati,
564 2765 728 2830 observati
753 2777 786 2830 et
810 2769 996 2850 prescripti,
1020 2781 1054 2830 et
1078 2769 1179 2830 voluit
1202 2790 1260 2851 per
1283 2787 1491 2848 expressum,
1516 2777 1551 2830 ut
1574 2787 1634 2847 pro
1652 2767 1770 2830 decore

216 2882 249 2934 ct
273 2874 466 2935 necessitate
490 2873 625 2938 ecclesie
660 2875 798 2937 Poznan.
823 2876 984 2939 ordinatio
1018 2877 1238 2958 suprascripta
1273 2873 1451 2938 accedente
1473 2884 1582 2936 tamen
1607 2893 1769 2937 consensu

215 2977 283 3041 Smi
307 2979 460 3060 principis
495 2990 528 3043 et
554 2979 608 3042 dni
632 2981 686 3044 dni
710 2980 907 3064 Sigismundi
942 2982 973 3045 d.
1006 3003 1037 3064 g.
1071 2983 1157 3064 regis
1192 2982 1326 3045 Polonie
1350 2990 1409 3044 etc.
1446 2991 1479 3043 et
1515 2981 1600 3042 dicte
1635 2979 1772 3043 ecclesie

214 3085 352 3149 Poznan.
376 3107 414 3148 ac
438 3089 644 3168 prepositure
668 3090 796 3169 patroni
819 3090 911 3152 illesa
943 3099 975 3152 et
999 3099 1157 3170 perpetua
1189 3098 1383 3169 perseveret.
1423 3086 1664 3168 Quamquidem
1689 3086 1771 3149 ordi·

215 3195 397 3278 nationem,
423 3193 670 3275 dispositionem
694 3206 726 3258 et
750 3206 907 3258 statutum
932 3197 1035 3259 Rmus
1061 3245 1089 3259 ..
1115 3197 1197 3258 dnus
1220 3195 1381 3257 lohannes
1406 3195 1490 3274 dg.
1515 3194 1606 3275 Epus
1629 3195 1769 3256 Poznan.

214 3309 370 3380 tanquam
394 3301 572 3364 ordinarius
596 3304 627 3364 in
652 3303 802 3366 omnibus
837 3305 966 3384 punctis
990 3314 1023 3365 et
1047 3303 1197 3366 clausulis
1232 3302 1376 3365 decrevit
1411 3301 1531 3363 habere
1562 3311 1594 3364 et
1623 3301 1771 3364 obtinere

212 3409 278 3469 vim
304 3417 337 3469 et
360 3407 459 3469 rubor
482 3419 639 3491 perpetue
663 3409 830 3474 firmitatis.
856 3409 1064 3472 Presentibus
1079 3460 1085 3472 .
1101 3455 1129 3472 ..

429 3619 472 3682 Α.
504 3634 603 3699 1510,
627 3619 696 3682 Iulii
722 3637 779 3698 30,
804 3620 835 3682 in
858 3622 1002 3703 capitulo
1026 3621 1178 3703 generali.

325 3755 436 3826 1028.
462 3761 542 3844 (Vll.
569 3761 631 3842 88).
655 3760 875 3825 Statutum
899 3762 939 3826 de
964 3763 1127 3826 laboribus
1150 3761 1363 3826 kmethonum
1388 3762 1419 3824 in
1442 3761 1525 3826 villis
1550 3762 1770 3842 prestimonia-

213 3867 297 3928 libus
321 3868 461 3948 capituli.
486 3905 526 3913 -
551 3867 613 3930 Die
637 3869 751 3932 Martis
776 3917 804 3932 ..
831 3871 885 3930 dni
910 3871 1023 3950 prelati
1047 3881 1081 3934 et
1104 3871 1249 3932 canonici
1273 3915 1300 3932 ..
1326 3869 1495 3951 prehabita
1526 3870 1609 3932 inter
1632 3891 1668 3932 se
1692 3871 1770 3932 deli

213 3975 381 4036 beratione
405 3985 438 4036 et
462 3985 575 4037 mutuo
599 3985 737 4039 tractatu
763 3977 803 4038 de
827 3977 951 4038 meliori
974 3976 1162 4040 conditione
1194 3999 1250 4040 sua
1275 3987 1457 4040 statuerunt
1481 3977 1635 4058 deinceps
1659 3988 1771 4038 tenen·

214 4081 291 4142 dum
315 4091 349 4144 et
373 4081 591 4156 instituerunt,
617 4093 652 4145 ut
677 4083 872 4145 kmethones
896 4085 928 4145 in
952 4085 1103 4147 omnibus
1128 4105 1239 4146 eorum
1262 4084 1345 4147 villis
1369 4083 1664 4166 prestimonialibus
1682 4084 1769 4144 labo-

214 4197 286 4250 rent
316 4203 376 4269 per
406 4209 503 4251 unam
538 4189 623 4251 diem
655 4191 686 4252 in
718 4191 860 4272 qualibet
891 4191 1072 4271 septimana
1103 4193 1173 4253 dnis
1208 4191 1413 4272 regentibus,
1445 4191 1562 4272 quibus
1602 4191 1768 4271 placuerit,

214 4295 359 4356 laborem
376 4295 518 4380 solitum,
543 4317 767 4379 quemcunque
792 4296 1031 4371 mandaverint,
1056 4307 1155 4377 utque
1178 4298 1297 4358 amodo
1321 4299 1382 4378 ipsi
1406 4297 1602 4360 kmethones
1626 4319 1770 4378 capones

214 4413 375 4466 castratos
400 4405 529 4465 racione
552 4403 711 4486 gallorum
736 4415 769 4466 et
794 4423 859 4465 non
884 4404 988 4485 gallos
1013 4404 1084 4466 dnis
1107 4404 1295 4485 regentibus
1318 4405 1441 4467 darent.

422 4633 467 4696 A.
496 4647 595 4714 1510,
619 4633 761 4716 Augusti
786 4651 845 4710 ao,
870 4633 900 4695 in
925 4633 1077 4715 capitulo.

326 4769 543 4857 1029.(V11.
570 4775 636 4856 88⁰)
659 4821 685 4840 ..
711 4775 747 4836 In
771 4776 870 4838 domo
905 4776 959 4837 dni
995 4775 1139 4838 officialis
1174 4775 1312 4838 Poznan.
1346 4783 1380 4836 et
1411 4775 1442 4836 in
1474 4777 1638 4854 presentia
1661 4794 1769 4838 vener.

212 4881 353 4942 dnorum
376 4881 527 4944 Iohannis
552 4882 592 4944 dc
617 4881 704 4944 Gora
721 4881 951 4954 archidiaconi,
977 4883 1107 4945 Martini
1128 4881 1368 4956 Dambrowski,
1395 4881 1528 4944 Andree
1545 4881 1769 4962 Cziessyelski,

212 4987 378 5050 Laurentii
402 4986 607 5062 Grodziczlei,
643 4989 767 5050 Nicolai
791 4987 904 5052 Oleski
928 4999 961 5052 et
985 4989 1111 5052 Nicolai
1144 4988 1238 5052 Suski
1263 4989 1460 5070 prelatorum
1486 4999 1518 5050 et
1541 4990 1770 5051 canonicorum

212 5093 349 5156 ecclesie
371 5093 511 5157 Poznan.
537 5095 691 5176 providus
715 5095 840 5175 Caspar
863 5095 1022 5157 aurifaber
1045 5095 1184 5158 Poznan.
1210 5097 1355 5176 reposuit
1379 5104 1413 5157 et
1436 5095 1533 5158 solvit
1550 5096 1769 5159 residuitatem

212 5201 421 5281 pecuniarum
456 5201 556 5264 debiti
580 5223 639 5282 pro
664 5214 802 5283 argento
839 5203 1060 5265 ecclesiastico
1097 5203 1248 5265 videlicet
1284 5201 1415 5264 XXXV
1451 5222 1576 5266 marcas
1610 5203 1715 5265 minus
1738 5204 1771 5265 X

213 5309 337 5390 grossis
361 5319 394 5370 et
417 5308 579 5371 residuum
603 5309 752 5372 videlicet
779 5309 818 5393 ¹,'·.›
844 5329 985 5371 marcam
1019 5310 1078 5371 sibi
1103 5309 1275 5372 defalcavit
1299 5331 1318 5372 a
1342 5309 1454 5371 labore
1477 5311 1581 5371 crucis
1606 5311 1770 5372 ecclesias-

213 5417 291 5493 tice;
322 5413 363 5475 de
388 5415 634 5496 quibusquidem
658 5414 789 5477 XXXV
813 5417 928 5478 marcis
953 5436 1026 5477 cum
1050 5417 1130 5478 XVI
1154 5438 1200 5498 gr.
1223 5437 1261 5478 ac
1285 5417 1325 5478 de
1342 5426 1413 5478 tota
1430 5435 1555 5478 summa
1573 5414 1771 5478 CCLXVIll

212 5541 392 5583 marcarum
415 5543 488 5584 cum
512 5522 560 5584 Vl
583 5543 630 5604 gr.
651 5543 711 5602 pro
734 5533 872 5604 argento
897 5523 1116 5586 ecclesiastico
1147 5545 1205 5604 per
1229 5544 1301 5585 eum
1334 5523 1448 5584 solutis
1483 5522 1598 5603 prefati
1623 5522 1677 5583 dni
1702 5543 1769 5603 pre·

213 5629 268 5691 lati
293 5640 326 5692 et
350 5631 495 5692 canonici
519 5630 658 5691 eundem
694 5629 870 5711 Casperem
894 5641 927 5692 et
951 5629 1107 5692 Iacobum
1143 5631 1288 5694 similiter
1322 5629 1515 5692 aurifabrum
1539 5650 1599 5712 pro
1631 5651 1670 5691 eo
1694 5629 1770 5692 fide-
