4458 6356
920 616 1008 665 ANNI
1028 613 1103 668 1449.
1754 635 1772 697 7
1779 635 1792 697 5

240 711 293 716 .-...-
302 711 331 716 ...-
342 711 377 716 ,-
385 711 412 716 ..-
418 708 1061 718 -ῌ-ψ-μῄ-ῂ--ῇ-
1068 708 1171 715 ——
1180 709 1343 716 --—-.·----
1359 710 1500 716 ,...-..-.,,-
1510 711 1745 716 .-.-.-.-..-.........
1753 711 1764 715 -
1784 711 1792 715 .

238 831 322 891 laum
348 829 631 910 Wydzerzewsky,
656 831 686 890 in
712 829 908 892 secularibus
941 831 1085 910 negociis
1116 829 1247 908 capituli
1271 839 1523 910 procuratorem,
1555 829 1662 892 verbis
1687 841 1796 893 contu·

239 937 379 998 meliosis
404 947 435 999 et
460 935 639 999 inhonestis
663 938 693 998 in
718 937 853 998 ecclesia
879 937 1055 1009 obruisset,
1088 937 1192 1016 ipsum
1218 948 1391 1018 propterea
1415 939 1445 998 in
1471 947 1626 1000 terrorem
1661 938 1794 1000 aliorum

237 1043 509 1106 areseccionibus
535 1054 568 1105 et
592 1044 633 1105 ab
658 1045 803 1126 ingressu
829 1043 972 1124 capituli,
1004 1041 1108 1105 donec
1133 1065 1167 1105 se
1200 1045 1240 1104 de
1265 1044 1429 1124 premissis
1462 1043 1680 1106 iustihcaverit
1704 1055 1736 1106 et
1762 1045 1792 1104 in

238 1151 379 1231 capitulo
404 1151 546 1232 generali
570 1151 718 1232 proxime
743 1162 879 1213 venturo
904 1171 963 1232 pro
988 1150 1071 1213 festo
1096 1151 1319 1232 apostolorum
1352 1153 1479 1213 veniam
1503 1151 1664 1214 humiliter
1688 1161 1796 1232 postu·

241 1259 367 1334 laverit,
391 1258 637 1339 suspenderunt.

454 1523 496 1584 A.
528 1541 609 1601 1449
618 1572 627 1603 ,
652 1523 718 1584 lulii
745 1539 778 1601 3,
805 1525 836 1583 in
861 1523 1003 1603 capitulo
1028 1524 1178 1603 generali.

349 1677 434 1746 371.
460 1682 506 1764 (ΙΙ.
538 1683 619 1762 116).
645 1681 807 1745 Statutum
833 1719 874 1727 -
899 1682 1025 1744 Eodem
1050 1682 1100 1744 die
1125 1682 1209 1743 lovis
1234 1683 1442 1762 suprascripti
1466 1681 1520 1743 dni
1545 1681 1659 1761 prelati
1682 1693 1715 1744 et
1739 1703 1787 1744 ca-

243 1790 349 1850 nonici
374 1800 463 1851 motu
488 1789 673 1851 racionabili
698 1791 820 1852 incitati
845 1789 1065 1862 attendentes,
1098 1789 1184 1870 quod
1217 1790 1404 1868 questiones
1429 1788 1586 1858 nodosas,
1621 1789 1790 1870 ambiguas

244 1907 276 1958 et
300 1896 455 1958 obscuras
487 1917 644 1977 casusque
676 1898 857 1970 intricatos,
893 1899 947 1977 qui
972 1897 1161 1977 plerumque
1186 1907 1365 1966 occurrunt,
1404 1897 1529 1958 nonnisi
1559 1897 1646 1958 docti
1670 1898 1701 1957 in
1727 1897 1793 1959 iure

241 2005 398 2064 canonico
423 2015 477 2066 aut
502 2005 532 2064 in
558 2024 648 2065 sacra
672 2005 829 2084 scriptura
854 2005 980 2066 solvere
1005 2015 1037 2066 et
1062 2004 1220 2066 elucidare
1245 2003 1374 2064 valeant
1398 2014 1453 2065 aut
1477 2003 1647 2084 explicare,
1673 2015 1706 2066 et
1723 2025 1798 2085 quo·

242 2130 310 2171 rum
336 2110 465 2191 eloquio
489 2121 520 2172 et
545 2111 691 2172 doctrina
716 2113 838 2174 iusticia
863 2111 1062 2184 reformatur,
1093 2113 1218 2192 equitas
1243 2111 1425 2185 relucescit,
1458 2110 1579 2173 falsitas
1604 2111 1739 2174 abicitur
1763 2123 1796 2174 et

243 2217 360 2279 veritas
385 2218 576 2290 defensatur,
613 2219 770 2280 habentes
806 2241 936 2300 quoque
970 2227 1154 2298 respectum
1185 2219 1225 2280 ad
1255 2218 1334 2280 alias
1364 2219 1516 2280 ecclesias
1540 2217 1741 2282 cathedrales
1765 2229 1798 2281 et

244 2326 410 2403 presertim
446 2325 487 2386 ad
524 2325 827 2398 wratislaviensem,
868 2327 1007 2388 maxime
1043 2337 1151 2388 tamen
1184 2327 1224 2387 ad
1255 2327 1413 2388 honorem
1437 2336 1470 2388 et
1493 2325 1643 2388 decorem
1668 2327 1798 2407 proprie

248 2431 390 2504 ecclesie,
417 2444 598 2494 statuerunt
634 2433 764 2496 tirmiter
799 2445 957 2514 perpetuo
993 2434 1248 2506 observandum,
1284 2435 1373 2514 quod
1407 2433 1525 2494 amodo
1557 2433 1597 2494 ad
1629 2433 1797 2496 ecclesiam

243 2537 380 2600 Poznan,
405 2541 435 2600 in
460 2541 604 2620 prelatos
627 2551 682 2603 aut
707 2541 736 2601 in
762 2543 936 2603 canonicos
969 2541 1231 2622 qualitercunque
1256 2553 1287 2603 et
1312 2562 1355 2602 ex
1379 2561 1569 2622 quacunque
1602 2562 1698 2604 causa
1723 2562 1797 2621 pro-

243 2647 338 2708 motis
363 2667 418 2708 seu
444 2647 636 2710 intrantibus
661 2668 725 2708 non
751 2650 985 2728 respondeatur
1009 2649 1049 2710 de
1073 2649 1282 2730 quottidianis
1314 2658 1346 2710 et
1376 2649 1619 2730 quibuscunque
1652 2647 1799 2711 distribu-

244 2754 400 2826 cionibus,
426 2753 530 2816 donec
555 2755 585 2816 in
610 2755 722 2817 studiis
748 2756 951 2837 generalibus
977 2758 1006 2816 in
1032 2757 1169 2818 sciencia
1194 2757 1267 2817 iuris
1293 2759 1437 2818 canonici
1454 2768 1509 2818 aut
1526 2777 1616 2818 sacre
1640 2759 1797 2838 scripture

244 2882 300 2942 per
323 2863 493 2923 triennium
526 2865 677 2925 continue
710 2866 859 2926 steterint
891 2865 1083 2936 instruendi,
1116 2884 1174 2925 nec
1204 2865 1249 2926 eis
1279 2864 1395 2925 abinde
1428 2863 1637 2926 redeuntibus
1669 2885 1798 2944 respon-

244 2969 363 3035 deatur.
400 2970 503 3031 donec
527 2969 649 3032 litteras
686 2971 928 3051 significatorias
957 2983 989 3034 et
1019 2973 1199 3033 autenticas
1230 2971 1271 3032 ab
1295 2971 1347 3032 illa
1379 2971 1616 3042 Universitate,
1653 2971 1684 3032 in
1709 2972 1797 3032 cuius

244 3076 350 3137 studio
376 3077 420 3137 sic
445 3079 610 3146 steterint,
644 3077 786 3157 capitulo
820 3079 1068 3158 presentabunt,
1105 3099 1163 3158 per
1193 3098 1272 3158 quas
1297 3087 1447 3139 constare
1478 3077 1597 3158 possit,
1634 3079 1799 3158 quomodo

244 3183 422 3244 studuerint
446 3195 501 3245 aut
525 3187 587 3246 sint
613 3185 729 3246 ibidem
755 3189 952 3262 conversati;
977 3187 1161 3256 adicientes,
1187 3185 1274 3266 quod
1299 3185 1406 3247 taliter
1430 3187 1589 3265 promotis
1614 3195 1646 3247 et
1671 3185 1797 3247 studen-

244 3290 329 3351 tibus
352 3311 390 3351 ac
414 3292 454 3352 de
478 3291 585 3352 studio
611 3293 817 3355 redeuntibus
849 3295 879 3354 in
908 3293 1158 3354 subdiaconatus
1192 3293 1290 3354 tercia
1321 3313 1412 3372 pare,
1445 3293 1474 3353 in
1507 3292 1696 3356 diaconatus
1728 3295 1798 3368 due,

244 3397 275 3457 in
301 3397 532 3478 presbiteratus
557 3409 661 3460 totum
687 3400 725 3460 de
750 3399 959 3480 quottidianis
983 3399 1266 3462 distribucionibus
1290 3399 1456 3460 ordinibus
1488 3400 1673 3462 constitutis
1697 3399 1798 3476 detur,

245 3504 303 3564 nisi
327 3503 408 3566 tales
432 3508 573 3586 promoti
598 3507 661 3567 siut
685 3507 837 3568 doctores
861 3518 916 3568 aut
942 3505 1108 3568 baccalarii
1132 3509 1164 3567 in
1190 3508 1254 3568 iure
1279 3508 1436 3567 canonico
1460 3517 1515 3568 aut
1547 3509 1578 3566 in
1610 3505 1799 3588 Theologia,

244 3611 359 3689 quibus
384 3615 571 3692 responderi
604 3613 717 3686 debet,
750 3625 782 3675 et
806 3614 868 3676 hoc
892 3615 981 3676 iuxta
1006 3614 1153 3675 ordinum
1178 3633 1341 3676 sacrorum
1367 3625 1400 3675 ut
1425 3633 1520 3693 supra
1546 3615 1799 3694 promocionem,

246 3737 309 3777 non
335 3730 442 3781 autem
467 3721 506 3780 de
531 3722 755 3782 anniversariis
780 3721 1016 3794 defunctorum,
1050 3723 1108 3782 nisi
1140 3723 1203 3782 sint
1227 3731 1300 3783 actu
1333 3721 1515 3800 presbiteri,
1548 3722 1646 3784 debet
1678 3722 1798 3784 eisdem

244 3825 446 3905 responderi,
480 3827 727 3907 quibusquidem
761 3829 791 3888 in
824 3829 930 3890 studio
963 3829 1124 3890 stantibus
1155 3827 1330 3908 capitulum
1363 3827 1403 3888 de
1432 3829 1633 3908 competenti
1657 3827 1799 3890 subsidio

245 3931 435 4011 providebit.

458 4199 500 4259 A.
532 4217 622 4277 1449,
647 4201 714 4262 lulii
738 4221 771 4279 4,
796 4202 826 4262 in
851 4201 993 4281 capitulo
1018 4201 1170 4281 generali.

353 4353 438 4422 372.
463 4357 510 4438 (ll.
542 4361 638 4438 116⁰).
674 4361 723 4421 De
747 4361 914 4422 voluntate
938 4371 971 4422 et
995 4379 1155 4422 consensu
1180 4361 1297 4422 nobilis
1323 4359 1473 4423 Stanislai
1498 4359 1649 4438 Romeya
1673 4357 1799 4421 heredis

244 4465 276 4523 in
301 4464 470 4544 Racoyadi
495 4477 527 4528 et
551 4468 604 4528 dni
629 4467 805 4529 Clementis
830 4467 869 4528 de
896 4467 1068 4528 Drzevicza
1093 4469 1239 4528 canonici
1264 4467 1402 4529 Poznan.
1428 4467 1482 4527 dni
1507 4465 1655 4528 videlicet
1679 4465 1801 4546 capitu·

247 4569 311 4632 lum
343 4573 554 4637 decreverunt
585 4585 616 4638 et
650 4576 944 4647 sentenciaverunt,
982 4575 1069 4654 quod
1102 4574 1244 4654 prelatus
1277 4573 1394 4635 nobilis
1426 4572 1605 4636 Stanislaus
1637 4584 1669 4635 et
1701 4573 1801 4653 ipsius

244 4698 447 4743 successores
472 4683 600 4743 solvant
625 4682 766 4744 fertones
798 4683 838 4743 de
873 4683 958 4763 agris
991 4681 1217 4751 lrmethonum,
1250 4701 1331 4761 quos
1364 4680 1481 4742 ibidem
1514 4680 1603 4752 colit,
1636 4679 1801 4760 usquead

245 4789 541 4852 decisionem
574 4790 906 4870 spiritualium
931 4809 1025 4850 cum
1055 4788 1372 4866 secularibus,
1400 4797 1432 4849 et
1457 4788 1695 4867 deputaverunt
1719 4787 1801 4848 dnos

244 4895 476 4978 Sandivogium
500 4907 532 4958 et
557 4895 725 4976 Slrothslry
750 4900 850 4958 ituros
882 4897 922 4958 ad
946 4895 1081 4958 eandem
1114 4896 1340 4967 hereditatem,
1374 4897 1427 4977 qui
1458 4895 1534 4957 visis
1565 4896 1650 4976 agris
1676 4895 1802 4956 noviter

244 5023 286 5064 ex
310 5005 538 5084 progressione
563 5023 746 5065 mansorum
773 5005 942 5084 extirpatis
968 5004 1138 5077 taxabunt,
1165 5015 1318 5083 quantum
1344 5003 1383 5064 de
1408 5003 1530 5064 eisdem
1555 5002 1659 5064 dictus
1685 5002 1801 5064 nobilis

244 5121 276 5172 et
301 5111 348 5172 sui
373 5131 576 5172 successores
601 5113 728 5172 racione
756 5111 934 5171 decime
966 5112 1086 5172 debent
1113 5111 1239 5172 solvere
1264 5113 1429 5180 canonico,
1455 5120 1487 5171 et
1512 5119 1686 5189 antequam
1711 5109 1802 5171 ibunt

244 5218 404 5296 deputati,
437 5219 517 5279 dnus
549 5220 722 5279 canonicus
754 5228 882 5279 tenetur
913 5219 1036 5280 avisare
1060 5219 1180 5278 dictum
1206 5217 1346 5278 nobilem
1371 5227 1446 5277 ante
1472 5217 1502 5276 in
1527 5235 1589 5277 una
1613 5217 1802 5296 septimana,

246 5327 419 5406 posuitque
444 5345 479 5386 se
503 5326 644 5407 prefatus
669 5327 751 5387 dnus
776 5327 948 5387 canonicus
980 5345 1039 5405 pro
1065 5325 1151 5385 dicto
1185 5325 1280 5386 nobili
1311 5345 1388 5405 erga
1421 5323 1594 5403 plebanum
1627 5324 1656 5382 in
1688 5321 1802 5401 Skolry

245 5433 432 5505 evictorem,
467 5434 519 5512 qui
551 5432 708 5512 plebanus
741 5433 880 5494 decimas
912 5433 951 5492 de
984 5433 1104 5492 eisdem
1136 5431 1221 5512 agris
1253 5431 1464 5493 kmethonum
1497 5441 1529 5492 et
1562 5429 1601 5490 de
1634 5429 1802 5490 novalibus

244 5539 471 5618 suprascriptis
496 5540 710 5621 manipulares
735 5540 794 5600 sibi
820 5541 929 5602 nititur
953 5559 1105 5619 usurpare
1131 5549 1191 5600 ete.
