4458 6356
836 586 1016 642 Annorum
1036 582 1230 677 rrarfrrar.
1774 601 1790 670 3
1797 593 1813 670 3

266 681 354 689 -.——
369 683 918 690 m——fflw—
961 683 1240 689 ———--—u--—

261 805 374 884 elapso
398 824 500 885 usque
524 803 565 864 ad
589 823 709 865 annum
734 823 791 866 seu
814 802 900 866 aliud
923 802 1041 866 festum
1066 804 1251 884 proximum
1275 823 1300 866 s.
1325 801 1454 864 Martini
1477 803 1646 865 solvantur
1668 801 1815 867 distribu·
1928 863 1930 868 .

254 913 364 973 ciones
389 912 479 974 iuxta
495 911 632 972 formam
650 910 735 971 bulle
752 910 823 972 dnis
842 911 1055 972 residentibus
1072 910 1158 991 apud
1175 910 1344 973 ecclesiam
1361 921 1395 972 et
1412 910 1528 973 divinis
1545 911 1813 973 interessentibus

259 1038 317 1098 per
340 1017 388 1079 IV
411 1037 458 1098 gr.
483 1017 595 1079 diebus
631 1016 764 1098 singulis
795 1016 973 1090 ferialibus,
1013 1016 1125 1079 diebus
1155 1037 1234 1080 vero
1265 1017 1433 1080 dominicis
1464 1027 1497 1080 et
1523 1017 1613 1080 festis
1636 1017 1817 1080 celebribus

260 1144 318 1204 per
340 1124 388 1187 VI
411 1145 477 1206 gr.‚
509 1135 542 1186 et
566 1125 657 1185 iuxta
688 1123 776 1204 quod
806 1125 986 1186 invenerint
1022 1144 1080 1204 per
1111 1123 1196 1186 hunc
1219 1144 1340 1186 annum
1376 1135 1550 1206 suppetere
1574 1123 1626 1186 vel
1650 1124 1816 1200 defecisse,

261 1231 403 1294 redditus
426 1251 503 1294 suos
527 1233 559 1293 in
584 1231 829 1294 distribuciones
853 1230 1045 1293 dividendos
1070 1231 1113 1294 ita
1137 1231 1332 1295 ordinabunt
1355 1243 1388 1295 et
1412 1242 1555 1295 statuent
1580 1231 1715 1294 indicto
1732 1231 1816 1294 festo

262 1359 287 1402 s.
311 1339 441 1400 Martini
465 1338 505 1400 de
529 1338 712 1400 huiusmodi
736 1338 1019 1400 distribucionibus
1043 1337 1283 1402 distribuendis.

374 1442 456 1510 159.
481 1445 516 1526 (1.
547 1447 616 1526 145)
639 1445 787 1508 Duorum
811 1445 1057 1508 Strzeschkonis
1082 1465 1155 1506 cum
1179 1445 1270 1526 Drya
1292 1466 1390 1527 super
1413 1446 1603 1510 differenciis
1618 1445 1817 1527 prelatorum

261 1554 361 1634 regni.
386 1589 426 1598 —-
451 1553 533 1615 Item
557 1552 675 1614 ibidem
701 1554 869 1634 prescripti
895 1553 949 1614 dni
973 1553 1087 1634 prelati
1111 1563 1144 1614 et
1167 1553 1313 1615 canonici
1336 1573 1444 1616 vener.
1460 1554 1546 1616 viros
1562 1553 1645 1615 dnos
1662 1551 1818 1614 Mathiam

263 1661 353 1741 Drya
377 1659 534 1722 decanum
559 1669 742 1741 etmgrum
774 1659 1047 1724 Strzeschkonem
1083 1659 1321 1741 deputaverunt
1353 1661 1453 1723 ituros
1477 1660 1518 1722 ad
1542 1660 1819 1722 convencio-

263 1787 359 1829 nem
395 1767 427 1827 in
462 1766 656 1829 Wartha
686 1767 738 1828 vel
770 1767 811 1829 ad
842 1766 939 1828 alium
970 1766 1077 1828 locum
1100 1769 1132 1828 in
1157 1787 1266 1828 casum
1291 1775 1325 1828 et
1348 1777 1517 1838 eventum,
1552 1786 1616 1847 quo
1640 1767 1819 1828 convencio

263 1876 332 1956 ipsa
356 1875 440 1935 inter
463 1873 630 1936 ecclesiam
655 1884 688 1936 ct
712 1874 796 1937 inter
818 1873 945 1936 nobiles
977 1873 1084 1954 Regni
1108 1884 1229 1936 statuta
1261 1873 1354 1936 fuerit
1379 1895 1437 1954 per
1459 1874 1604 1953 prelatos
1628 1885 1661 1935 et
1685 1871 1819 1935 eosdem

263 1981 388 2044 nobiles
423 2001 521 2061 super
556 1980 746 2043 differenciis
780 1979 1064 2044 inter.ecclesiam
1094 1990 1127 2043 et
1159 2001 1216 2042 eos
1247 1981 1449 2044 vertentibus
1480 1991 1556 2043 ante
1581 1981 1740 2042 redditum
1764 1979 1819 2041 dni

263 2089 365 2150 nostri
389 2087 451 2167 Epi
475 2109 534 2168 pro
559 2089 746 2150 excusando
772 2088 941 2168 eeclesiam
966 2109 1024 2168 per
1047 2087 1103 2150 dni
1126 2089 1188 2167 Epi
1217 2088 1404 2150 absenciam
1428 2099 1461 2150 et
1485 2087 1571 2168 quod
1596 2089 1665 2150 sine
1689 2108 1729 2148 eo
1754 2107 1820 2148 non

262 2196 403 2258 habeant
427 2193 612 2258 facultatem
637 2195 794 2258 tractandi
820 2207 853 2258 et
870 2195 1084 2258 concludendi
1101 2215 1199 2276 super
1215 2193 1398 2258 huiusmodi
1415 2194 1615 2262 differenciis.
1640 2215 1700 2257 nec
1717 2196 1819 2256 eciam

263 2303 384 2364 clerum
408 2322 464 2364 sue
488 2302 638 2364 diocesis'
658 2301 797 2365 Poznan.
822 2305 892 2365 sine
921 2323 979 2365 suo
1012 2301 1166 2366 mandato
1202 2301 1333 2382 speciali
1360 2301 1401 2364 ad
1425 2301 1488 2364 hoc
1511 2301 1680 2364 valuerunt
1704 2322 1821 2362 convo-

263 2430 348 2488 care;
373 2420 406 2472 et
429 2409 563 2490 quilibet
587 2409 745 2471 dictorum
763 2409 899 2473 duorum
918 2410 1147 2491 deputatorum
1172 2431 1232 2490 pro
1255 2408 1439 2472 huiusmodi
1462 2409 1514 2471 via
1529 2408 1663 2472 habebit
1679 2409 1821 2490 quinque

264 2536 388 2578 marcas
413 2537 472 2596 pro
497 2517 659 2596 expensis.

375 2619 458 2688 160.
478 2617 517 2702 (1.
544 2623 632 2704 1450)
665 2621 829 2686 Statutum
860 2623 900 2685 de
924 2625 1101 2706 equacione
1124 2623 1363 2686 beneficiorum.
1388 2660 1430 2668 —
1454 2623 1535 2686 Item
1559 2623 1678 2685 ibidem
1702 2641 1820 2684 memo·

265 2729 324 2792 rati
347 2729 401 2792 dni
424 2730 539 2812 prelati
563 2741 596 2793 et
619 2731 766 2792 canonici
796 2739 876 2793 voto
908 2731 1062 2792 concordi
1085 2730 1242 2812 prefatam
1275 2728 1680 2812 equalificacionem
1704 2729 1821 2790 bene·

264 2833 457 2899 ficiorum
481 2838 512 2898 in
537 2837 672 2900 ecclesia
697 2858 739 2899 ex
761 2839 864 2900 causis
889 2838 920 2898 in
944 2858 982 2899 ea
1005 2809 1204 2918 expressatis
1228 2839 1399 2900 obtentam
1425 2847 1458 2900 et
1482 2837 1600 2901 factam
1624 2838 1821 2917 amplecten-

264 2951 313 3004 tes
336 2953 370 3004 et
394 2945 548 3024 prosequi
571 2954 603 3006 et
626 2944 797 3007 defendere
833 2945 1106 3024 concordiamque
1141 2947 1224 3008 inter
1254 2944 1368 3008 fratres
1392 2955 1425 3006 et
1450 2964 1594 3006 amorem
1627 2946 1745 3006 nutrire
1769 2949 1842 3006 vo?

263 3047 384 3124 lentes,
408 3049 612 3113 concorditer
635 3051 823 3125 voluerunt,
849 3051 937 3132 quod
962 3051 988 3113 si
1012 3053 1085 3132 quis
1102 3072 1145 3113 ex
1168 3051 1239 3114 dnis
1256 3071 1313 3113 eos
1330 3028 1625 3130 super'huiusmodi
1642 3051 1821 3131 equacione

265 3155 427 3235 inpulsare
451 3169 483 3220 et
507 3159 684 3238 inquietare
708 3159 816 3220 litibus
840 3159 1064 3238 temptaverit,
1089 3158 1176 3240 quod
1200 3157 1241 3219 ad
1264 3156 1447 3222 huiusmodi
1471 3156 1543 3219 lites
1560 3178 1619 3238 pro
1636 3157 1822 3219 defensione

264 3281 360 3325 cause
384 3285 495 3326 eorum
519 3276 552 3327 et
575 3265 846 3346 equalifioaciouis
871 3285 929 3346 per
952 3276 1180 3345 procuratores
1204 3264 1337 3344 capituli
1360 3285 1420 3344 pro
1444 3275 1593 3343 tempore
1618 3263 1659 3325 de
1683 3283 1823 3325 commu-

265 3368 358 3433 nibus
383 3373 527 3452 pecuniis
551 3373 684 3454 capituli
707 3373 800 3435 detur
824 3374 979 3453 impensa.

481 3590 525 3653 A.
556 3607 653 3671 1434,
678 3590 874 3654 Novembris
899 3608 956 3662 20,
981 3592 1013 3653 in
1036 3591 1180 3672 capitulo
1205 3590 1358 3672 generali.

378 3731 462 3798 161.
488 3733 522 3813 (I.
552 3731 638 3812 147⁰)
661 3733 743 3795 Item
768 3734 843 3796 dicti
868 3733 921 3795 dni
945 3733 1060 3814 prelati
1084 3743 1118 3796 et
1141 3735 1286 3814 canonici
1310 3733 1423 3796 honor.
1441 3732 1506 3794 dno
1519 3732 1656 3812 Johanni
1674 3731 1823 3813 Laskary

265 3840 428 3902 licenciam
454 3841 674 3902 omnimodam
699 3841 730 3902 in
754 3861 769 3902 s
783 3851 796 3903 t
809 3863 828 3902 u
843 3841 862 3902 d
876 3842 884 3901 i
898 3861 918 3902 o
942 3861 964 3922 g
978 3862 996 3903 e
1009 3861 1030 3901 n
1043 3861 1061 3903 e
1074 3862 1088 3902 r
1100 3862 1120 3903 a
1133 3839 1164 3902 li
1188 3841 1295 3904 standi
1320 3840 1573 3924 [concesserunt]
1599 3849 1631 3902 et
1655 3839 1695 3902 de
1724 3839 1823 3920 duplo

266 3947 374 4009 dando
399 3947 503 4009 eidem
528 3967 563 4010 se
588 3947 739 4018 dixerunt
762 3967 986 4028 responsuros.

380 4050 464 4118 162.
487 4053 590 4136 (ibid.)
614 4053 695 4116 Item
713 4054 831 4116 ibidem
855 4053 1088 4136 graduale
1111 4055 1369 4135 antiquum,
1395 4053 1482 4135 quod
1499 4064 1550 4116 est
1566 4053 1701 4115 ecclesie
1717 4053 1821 4124 Pozn„

267 4161 308 4224 ad
331 4161 527 4243 peticionem
554 4181 660 4224 vener.
685 4161 740 4223 dni
763 4161 889 4224 Nicolai
913 4161 1074 4225 scolastici
1096 4162 1193 4224 Pozn.
1218 4162 1260 4223 ad
1287 4182 1397 4224 usus
1420 4162 1553 4223 scole
1577 4158 1700 4223 Summi
1723 4159 1819 4222 Pozn.

268 4279 508 4334 concesserunt.

481 4461 524 4524 A.
556 4477 653 4542 1434,
676 4460 866 4524 Decembris
890 4478 947 4537 21,
973 4463 1004 4523 in
1027 4462 1181 4542 capitulo

382 4599 467 4668 163.
494 4602 530 4684 (1.
560 4605 631 4684 148)
655 4603 715 4664 Die
739 4603 851 4666 Martis
865 4651 892 4666 ..
917 4605 948 4664 in
972 4603 1068 4666 stuba
1090 4603 1206 4666 domus
1229 4602 1342 4665 honor.
1368 4603 1421 4665 dni
1438 4602 1567 4666 Alberti
1585 4601 1625 4664 de
1637 4603 1822 4681 Jaroszewo

268 4708 484 4772 archidiaconi
508 4708 708 4773 Pczewensis
732 4709 786 4771 dni
810 4710 1028 4791 capitulariter
1051 4711 1244 4792 congregati
1266 4708 1381 4772 horror.
1406 4711 1471 4772 dno
1495 4709 1644 4790 Philippo
1662 4707 1825 4771 Ceczurad

268 4818 427 4880 canonico
461 4817 558 4880 Pozn.
590 4818 670 4880 duas
705 4837 830 4880 marcas
860 4829 921 4898 pro
952 4819 1020 4898 via,
1057 4837 1154 4898 quam
1190 4817 1266 4880 fecit
1296 4816 1337 4878 ad
1369 4817 1468 4877 dnum
1503 4807 1676 4897 Regem
1711 4834 1824 4878 versus

266 4923 338 4986 Lw
352 4946 372 4986 o
386 4947 415 4988 w
439 4945 497 5006 per
519 4935 747 5006 procuratores
772 4924 901 5005 capituli
926 4925 1048 4987 dandas
1073 4925 1294 4987 decreverunt.

483 5143 526 5208 A.
558 5158 656 5224 1435,
681 5144 788 5207 Martii
813 5161 871 5222 29,
896 5145 926 5205 in
950 5143 1103 5225 capitulo

383 5281 466 5350 164.
492 5285 523 5367 (1.
554 5285 641 5367 1500)
665 5284 829 5348 Statutum
853 5284 894 5346 de
918 5287 1030 5348 litteris
1053 5285 1403 5366 apostolicis—Item
1427 5285 1546 5347 ibidem
1571 5285 1626 5346 dni
1654 5283 1770 5365 prelati
1795 5293 1828 5346 et

269 5392 416 5454 canonici
439 5393 661 5466 considerato,
685 5391 853 5474 quomodo
869 5391 977 5472 plures
994 5413 1134 5473 persone
1150 5412 1223 5454 cum
1248 5392 1411 5454 litteris
1428 5391 1691 5472 apostolicis
1707 5401 1740 5452 ct
1757 5390 1826 5452 aliis

270 5498 520 5580 quibuscunque
536 5499 713 5562 litterarum
729 5499 976 5562 auctoritatibus
992 5501 1101 5581 sepius
1125 5501 1266 5570 veniunt,
1291 5509 1441 5580 petentes
1466 5499 1525 5562 sibi
1550 5519 1647 5577 super
1663 5498 1826 5559 contentis

268 5606 300 5666 in
318 5605 442 5668 eisdem
466 5607 669 5688 responderi,
693 5626 828 5687 quarum
853 5605 1030 5668 litterarum
1053 5607 1156 5688 copiis
1181 5605 1326 5685 capitulo
1351 5627 1412 5686 pro
1437 5605 1667 5667 informacione
1691 5605 1736 5666 rei
1760 5624 1825 5665 non

376 5717 472 5759 Menum.
487 5717 552 5758 medii
566 5717 614 5759 aevi
627 5717 677 5759 hist.
693 5717 756 5758 XIII.
1672 5725 1690 5777 5
