4390 6368
805 609 986 662 1111011111
1007 607 1191 665 raro-1512.
1722 629 1782 693 199

225 701 506 710 nm
511 703 543 710 -—
547 703 899 711 --—--.-----—----.—
903 705 948 712 ...-
1286 704 1780 714 ο--ι--ᾳ--ω--ῇ-

432 825 474 886 Α.
505 839 597 906 1511,
623 825 768 908 Augusti
796 843 849 900 11,
876 827 907 888 in
931 826 1082 907 capitulo.

334 962 551 1049 1034.(V11.
583 967 677 1048 110⁰).
718 967 841 1030 Ibidem
873 967 926 1030 dni
951 967 1144 1032 kmethones
1169 969 1208 1031 de
1232 969 1307 1032 villa
1341 970 1505 1032 Ninlrowo
1540 982 1654 1033 contra
1678 971 1777 1032 dnum

223 1071 350 1155 Olesky
373 1075 516 1155 ipsorum
540 1085 709 1158 regentem
733 1097 831 1156 super
853 1077 1120 1157 oppressionibus
1145 1087 1177 1138 et
1200 1077 1353 1157 gravibus
1384 1078 1523 1158 angariis
1547 1089 1722 1158 querentes
1746 1087 1779 1139 et

222 1181 253 1241 in
277 1182 446 1243 mendacio
469 1193 619 1263 repertos
643 1184 877 1246 mandaverunt
901 1185 1037 1264 primum
1055 1183 1266 1264 corrigendos
1283 1195 1315 1246 et
1337 1185 1468 1246 tandem
1493 1185 1569 1265 ipsis
1594 1187 1683 1246 iuxta
1707 1205 1781 1246 con·

221 1289 425 1350 suetudinem
448 1289 580 1351 aliarum
604 1289 751 1352 villarum
784 1291 915 1371 capituli
939 1291 1020 1352 duos
1050 1291 1118 1352 dics
1142 1291 1327 1353 falcastrare
1352 1312 1394 1352 ex
1418 1291 1528 1354 debito
1553 1294 1622 1354 sine
1646 1293 1720 1353 cibo
1745 1303 1778 1353 et

222 1405 302 1475 potu
327 1396 448 1458 eisdem
474 1417 531 1476 per
555 1397 653 1459 dnum
678 1408 846 1479 regentem
864 1398 1061 1480 porrigendo
1078 1408 1111 1460 et
1128 1397 1159 1458 in
1175 1397 1285 1459 llrloka
1308 1398 1449 1472 tandem,
1474 1409 1600 1460 tantum
1618 1409 1775 1480 quantum

220 1523 355 1564 necesse
378 1503 481 1576 luerit,
505 1504 565 1566 sub
589 1524 695 1566 messe
720 1504 905 1566 falcastrare
928 1516 961 1567 et
985 1504 1081 1566 alium
1107 1503 1251 1566 laborem
1277 1505 1424 1566 laborare
1441 1526 1642 1585 avenamque
1666 1505 1777 1566 lalcas-

219 1621 338 1672 tratam
360 1612 392 1672 in
415 1611 529 1694 predio
552 1613 620 1674 sive
644 1613 676 1673 in
700 1633 817 1694 nrorgy,
849 1624 1024 1695 postquam
1049 1631 1115 1672 non
1138 1621 1378 1674 consueverunt
1402 1631 1499 1693 super
1515 1633 1625 1693 morgy
1649 1625 1770 1675 metere

221 1719 466 1781 mandaverunt.

430 1911 473 1972 A.
502 1926 592 1991 1511,
618 1913 761 1994 Augusti
792 1915 846 1987 16,
871 1915 902 1974 in
926 1912 1077 1994 capitulo.

332 2049 442 2119 1035.
460 2055 543 2136 (Vll.
563 2055 633 2137 111)
644 2105 669 2118 ..
686 2055 807 2118 Vener.
822 2055 877 2118 dni
893 2056 1055 2118 Iohannes
1072 2055 1113 2116 de
1130 2053 1279 2116 Lulrowo
1296 2055 1446 2129 decanuS,
1463 2054 1616 2116 Andreas
1632 2053 1780 2135 Czyesel·

220 2161 282 2242 slcy
298 2160 515 2234 cancellarius,
539 2161 698 2223 Martinus
721 2162 960 2234 Dambrowslri,
984 2163 1043 2224 Iob
1061 2161 1299 2242 Roszkowsky,
1323 2159 1557 2242 SigismunduS,
1582 2161 1776 2224 Laurentius

221 2267 436 2342 Grodziczski,
460 2267 594 2348 Olesky,
618 2267 862 2349 Pakoslawsky,
887 2267 997 2350 Susky
1021 2277 1054 2330 et
1077 2267 1287 2348 Wilkowsky
1309 2267 1427 2348 prelati
1450 2278 1483 2330 et
1506 2271 1653 2330 canonici
1675 2267 1773 2330 eccle-

220 2376 265 2436 sie
292 2375 432 2438 Poznan.
465 2374 505 2436 ad
530 2395 646 2436 sonum
674 2396 832 2456 campane
863 2375 1082 2457 capitulariter
1112 2376 1313 2455 congregati.
1360 2374 1404 2436 Et
1428 2375 1546 2438 ibidem
1570 2375 1715 2438 famosus
1739 2385 1773 2438 et

219 2481 334 2544 honor.
365 2481 421 2544 dni
447 2482 640 2544 Vincentius
672 2485 876 2562 apotecarius
909 2481 1022 2545 consul
1056 2491 1089 2544 et
1121 2480 1276 2544 Nicolaus
1307 2481 1427 2544 Ruczel
1460 2485 1604 2544 notarius
1635 2485 1776 2544 civitatis

219 2589 359 2651 Poznan.
384 2588 524 2651 dnorum'
545 2589 746 2670 preconsulis
770 2601 802 2652 et
834 2589 1010 2662 consulum,
1044 2588 1194 2650 advocati
1219 2599 1252 2650 et
1282 2589 1496 2660 scabinorum,
1527 2610 1565 2652 ac
1595 2599 1777 2652 ceterorum

219 2697 358 2758 civitatis
381 2696 522 2759 Poznan.
548 2697 665 2757 civium
689 2696 730 2757 ad
754 2698 942 2758 instantiam
966 2695 1098 2777 capituli
1121 2695 1260 2756 Poznan.
1286 2698 1650 2771 excommunicatorum,
1674 2706 1709 2758 ut
1730 2717 1778 2758 as·

218 2802 379 2876 serebant,
403 2804 509 2863 nuncii
526 2811 558 2864 et
582 2823 642 2883 pro
666 2811 759 2882 parte
783 2802 960 2864 eorundem
992 2801 1033 2863 ad
1057 2801 1140 2864 dnos
1168 2801 1208 2864 de
1232 2801 1375 2882 capitulo
1399 2802 1564 2882 predictos
1592 2805 1682 2865 missi
1707 2825 1777 2884 per-

218 2908 372 2970 sonaliter
395 2910 564 2970 constituti
586 2908 722 2989 prelatis
745 2909 817 2972 dnis
841 2907 974 2990 prelatis
1005 2918 1038 2970 et
1062 2909 1226 2970 canonicis
1250 2927 1287 2969 ac
1312 2909 1373 2970 toti
1396 2908 1538 2990 capitulo
1562 2909 1700 2971 Poznan.
1733 2930 1776 2971 ex

217 3023 310 3094 parte
333 3015 554 3096 predictorum
578 3015 716 3077 dnorum
740 3017 856 3077 civium
880 3018 1043 3098 petierunt
1066 3024 1099 3077 et
1122 3014 1403 3096 supplicaverunt,
1434 3025 1469 3076 ut
1492 3018 1570 3096 ipsis
1594 3017 1626 3078 in
1650 3015 1777 3078 absolu-

217 3121 340 3183 tionem
365 3143 384 3184 a
406 3125 575 3184 sententiis
599 3125 988 3196 excommunicationum,
1020 3122 1135 3204 quibus
1167 3119 1207 3182 ad
1237 3123 1424 3184 instantiam
1454 3123 1631 3184 eorundem
1662 3133 1776 3186 extant

218 3239 251 3290 et
275 3239 350 3292 sunt
373 3229 527 3302 innodati,
555 3229 598 3290 ob
622 3249 716 3310 spem
743 3229 916 3291 concordie
940 3250 1000 3310 per
1027 3229 1110 3290 dnos
1138 3232 1379 3293 commissarios
1408 3233 1514 3312 regios
1542 3231 1625 3293 infra
1651 3242 1775 3294 certum

216 3345 349 3417 tempus
373 3335 519 3397 faciende
542 3357 562 3396 a
584 3336 671 3397 Rmo
696 3335 762 3398 dno
786 3335 860 3417 Epo
884 3336 1024 3398 Poznan.
1049 3335 1260 3398 obtinendam
1292 3347 1325 3398 et
1348 3338 1567 3419 recipiendam
1588 3341 1771 3400 consentire

216 3442 435 3524 dignarentur.
461 3441 526 3522 Qui
548 3442 680 3504 tandem
704 3443 759 3504 dni
783 3443 899 3524 prefati
923 3464 965 3506 ex
988 3451 1100 3506 mutua
1122 3443 1339 3506 collocutione
1363 3454 1395 3506 et
1412 3455 1539 3507 matura
1564 3447 1648 3507 intra
1671 3467 1706 3507 se
1722 3444 1776 3507 de-

216 3549 406 3612 liberatione
429 3549 600 3632 prehabita
623 3550 757 3631 prefatis
787 3550 859 3612 dnis
883 3550 1074 3631 preconsuli,
1100 3549 1250 3612 videlicet
1266 3549 1403 3612 Iohanni
1420 3551 1577 3632 Gyerlyn,
1605 3571 1678 3613 cum
1701 3572 1775 3628 con·

215 3656 337 3718 sulibus
360 3667 394 3718 et
417 3655 532 3718 Czarni
550 3657 687 3719 lllaczko
711 3656 873 3720 advocato
896 3678 970 3718 cum
986 3658 1126 3720 scabinis
1148 3676 1185 3719 ac
1202 3659 1318 3720 ceteris
1334 3658 1459 3720 civibus
1475 3659 1615 3720 civitatis
1632 3659 1772 3722 Poznan.

214 3764 247 3824 in
270 3783 424 3844 processu
448 3763 673 3826 declarationis
697 3766 860 3827 contentis
885 3765 927 3826 ad
951 3764 1222 3846 supplicationem
1254 3786 1314 3845 pro
1338 3766 1415 3846 ipsis
1439 3766 1546 3828 taliter
1569 3764 1713 3828 oblatam
1741 3775 1774 3828 et

215 3867 394 3932 exhibitam
428 3890 623 3934 consensum
647 3871 678 3930 in
702 3869 948 3932 absolutionem
981 3892 999 3932 a
1031 3872 1199 3934 sententiis
1235 3873 1621 3946 excommunicationum,
1659 3871 1775 3953 quibus

214 3989 274 4057 pet
296 3997 403 4039 vener.
428 3977 511 4040 dnos
546 3976 811 4039 Bartholomeum
840 3977 885 4038 de
907 3977 1028 4040 Belsko
1064 3978 1223 4040 decanum
1247 3989 1280 4041 et
1303 3979 1460 4042 Mathiam
1486 3980 1526 4041 de
1549 3977 1701 4041 Slonawa
1725 3979 1774 4041 de·

214 4095 375 4146 cretorum
411 4084 581 4146 doctorem
615 4085 805 4146 canonicum
841 4085 978 4146 ecclesie
1003 4085 1297 4162 Warschoviensis,
1321 4086 1486 4166 Rmique.
1508 4137 1514 4148 .
1540 4087 1595 4148 dni
1619 4086 1772 4149 iohannis

213 4190 242 4253 d.
266 4211 298 4272 g.
322 4190 386 4270 Epi
408 4190 548 4254 Poznan.
573 4193 813 4253 commissarios
837 4191 1021 4273 iudicesque
1043 4192 1211 4273 delegatos
1227 4195 1260 4254 in
1275 4213 1372 4255 causa
1389 4193 1582 4255 iniuriarium
1599 4214 1659 4272 pro
1676 4203 1768 4273 parte

212 4299 356 4378 ipsorum
379 4299 517 4361 dnorum
540 4299 580 4361 de
603 4299 734 4380 capituli
757 4309 790 4362 et
813 4309 927 4361 contra
951 4301 1040 4379 ipsos
1064 4301 1151 4362 cives
1174 4308 1264 4361 mota
1287 4310 1320 4363 et
1343 4300 1527 4362 introducta
1550 4301 1582 4360 in
1605 4310 1771 4362 contuma-

212 4405 295 4466 ciam
319 4405 362 4466 ob
386 4427 451 4468 non
476 4408 723 4487 responsionem
758 4406 855 4468 libelli
879 4417 972 4468 erant
996 4417 1029 4469 et
1052 4415 1128 4468 sunt
1160 4407 1306 4470 innodati
1330 4409 1373 4469 ob
1398 4427 1491 4488 spem
1514 4408 1687 4470 concordie
1712 4429 1771 4489 per

212 4509 295 4574 dnos
318 4512 397 4575 Mtis
420 4513 459 4574 R.
483 4515 723 4576 commissarios
746 4513 786 4575 ad
811 4514 1075 4576 concordandum
1099 4513 1194 4577 datos
1218 4525 1251 4578 et
1274 4536 1334 4596 pro
1358 4525 1451 4596 parte
1483 4515 1627 4596 ipsorum
1651 4516 1770 4577 civium

211 4617 366 4682 obtentos
384 4619 463 4682 infra
479 4620 552 4682 hinc
569 4621 610 4682 ad
626 4621 763 4701 primam
780 4622 865 4683 diem
882 4621 1046 4683 iuridicam
1063 4632 1139 4702 post
1153 4621 1269 4684 festum
1284 4621 1355 4686 00.
1369 4621 1562 4684 Sanctorum
1581 4671 1606 4684 ..
1623 4621 1767 4685 faciende

212 4735 244 4788 et
268 4727 493 4802 ministrande,
529 4727 698 4808 aprefato
733 4729 820 4791 Rmo
844 4729 909 4790 dno
933 4728 1007 4809 Epo
1032 4728 1169 4790 Poznan.
1194 4729 1332 4791 iudicum
1369 4728 1569 4809 prelatorum
1591 4727 1766 4810 delegante

210 4833 388 4913 petendam
411 4843 444 4896 et
467 4836 732 4916 consequendam
768 4845 1005 4899 consenserunt
1038 4847 1070 4899 et
1106 4836 1229 4898 litteras
1265 4836 1541 4918 significatoriales
1576 4856 1674 4916 super
1696 4857 1765 4917 pre·

211 4941 318 5004 missis
340 4961 400 5021 pro
424 4942 502 5024 ipsis
526 4941 649 5005 civibus
683 4941 816 5024 prelatis
840 4943 1027 5006 scribendas
1063 4943 1158 5006 michi
1182 4945 1309 5006 notario
1332 4945 1565 5006 commiserunt
1588 4953 1622 5006 et
1645 4944 1769 5006 dandas

211 5047 454 5111 mandaverunt.

424 5259 467 5322 A.
497 5274 595 5340 1512,
621 5259 757 5323 Ianuarii
786 5261 841 5336 16,
864 5261 896 5323 in
920 5261 1070 5343 capitulo.

323 5397 433 5465 1036.
458 5401 541 5485 (VII.
572 5403 695 5484 120⁰)..
719 5403 839 5466 Vener.
866 5403 920 5465 dni
945 5403 1105 5468 Iohannes
1129 5406 1169 5468 de
1194 5405 1342 5468 Lukowo
1366 5405 1524 5480 decanus,
1548 5405 1710 5469 Iohannes
1727 5405 1768 5468 de

211 5505 301 5570 Gora
328 5507 586 5586 archidiaconus,
619 5509 798 5574 Anzelmus
832 5522 961 5588 cantor,
999 5511 1151 5574 Nicolaus
1185 5512 1318 5594 Czepel,
1354 5513 1516 5576 lohannes
1548 5512 1768 5594 Slawyensky

208 5613 409 5680 Srzcmensis
433 5627 465 5680 et
489 5615 678 5680 Pczevcnsis
702 5617 932 5693 archidiaconi,
968 5619 1120 5684 Andreas
1154 5619 1385 5704 Czyesyelslty
1413 5619 1637 5702 cancellariuS,
1671 5619 1769 5704 Sigis-
