4458 6356
423 589 465 649 80
926 585 1018 634 ACTA
1037 585 1199 636 CAPITULI
1222 585 1476 634 POZNANlENSlS

429 675 819 684 ——-.--——-——·-———·--.
833 678 860 682 --
886 678 927 682 -
1003 677 1035 684 ...
1064 679 1095 682 —
1244 679 1276 683 —
1308 679 1329 682 -
1348 677 1419 682 -...-
1451 675 1614 682 .-.---..-
1631 675 1686 682 „...-
1708 671 1980 682 ——a———u-——aflu

423 815 480 876 sed
505 815 545 876 de
570 816 699 894 propria
725 815 948 876 benivolencia
973 817 1003 876 in
1028 817 1304 895 complacentiam
1338 827 1370 878 et
1402 816 1544 878 favorem
1577 815 1711 876 ecclesie
1744 813 1882 875 Poznan.
1913 814 1978 874 suis

423 925 655 986 intercessione
679 933 711 984 et
737 923 844 984 studio
869 922 1007 984 obtinuit
1032 933 1065 985 et
1089 923 1195 985 attulit
1221 923 1344 986 litteras
1368 943 1386 984 a
1411 923 1475 984 dno
1508 922 1623 1003 Rege
1655 921 1695 982 de
1723 921 1977 1002 Lythwania

423 1029 484 1091 sub
509 1029 599 1092 data:
628 1030 703 1092 feria
730 1029 789 1090 ada
809 1049 901 1108 prox.
920 1041 997 1108 post
1014 1030 1109 1092 Dom.
1135 1029 1240 1092 ludica
1259 1031 1332 1092 anni
1350 1031 1506 1092 currentis
1523 1031 1554 1090 in
1571 1029 1703 1100 Throki,
1729 1030 1880 1108 quatinus
1895 1028 1982 1088 cives

421 1135 559 1197 Poznan.
579 1156 658 1198 mox
675 1137 795 1198 eisdem
821 1138 963 1217 requisiti
989 1149 1123 1216 pontem
1148 1139 1322 1218 antiquum,
1347 1139 1399 1219 qui
1424 1158 1466 1199 ex
1491 1141 1612 1218 impetu
1637 1156 1719 1216 aque
1736 1137 1768 1220 in
1785 1133 1892 1196 medio
1909 1135 1978 1212 ruit,

422 1253 454 1304 et
486 1263 648 1326 aggerem,
673 1243 810 1304 dimissis
846 1242 1085 1306 difficultatibus
1121 1256 1153 1305 et
1187 1244 1455 1306 excusacionibus
1479 1245 1731 1326 quibuscunque,
1756 1241 1977 1312 reformarent,

422 1351 554 1412 acuius
578 1349 819 1422 reformacione,
846 1360 881 1412 ut
906 1351 935 1411 in
961 1351 1082 1412 eisdem
1104 1351 1218 1414 litteris
1243 1353 1381 1431 ponitur,
1414 1372 1448 1413 se
1481 1352 1510 1412 in
1544 1351 1734 1431 despectum
1766 1349 1902 1411 ecclesie
1926 1369 1976 1410 ex-

423 1458 587 1536 cipiebant
622 1469 653 1519 et
686 1458 896 1530 excusabant,
932 1459 1034 1520 eidem
1068 1461 1132 1519 dno
1164 1459 1239 1520 Ade
1271 1459 1403 1521 redditis
1435 1459 1581 1541 gratibus
1613 1459 1817 1520 donaverunt
1842 1467 1979 1536 quatuor

423 1583 546 1626 marcas
572 1565 602 1625 in
628 1565 747 1644 paratis
772 1575 804 1627 et
829 1566 973 1644 quintam
999 1585 1123 1636 census
1150 1565 1179 1626 in
1205 1587 1267 1646 qua
1292 1567 1501 1647 obligabatur
1525 1567 1564 1628 de
1593 1577 1669 1628 taxa
1693 1565 1808 1626 domus
1833 1583 1897 1634 sue,
1923 1582 1981 1642 pro

421 1670 480 1732 hac
506 1672 576 1732 vice
610 1671 804 1751 durnptaxat
830 1673 1029 1743 remiserunt,
1063 1692 1098 1734 se
1130 1673 1189 1734 sibi
1221 1673 1352 1752 insuper
1380 1673 1540 1736 reminisci
1569 1675 1656 1736 omni
1688 1673 1777 1734 bono
1810 1671 1981 1750 ipsumque

423 1777 503 1840 ultra
529 1797 644 1840 omnes
669 1789 898 1840 concurrentes
922 1780 953 1839 in
979 1779 1043 1840 suis
1067 1779 1202 1860 agendis
1226 1779 1399 1842 offerentes
1416 1780 1499 1842 velle
1516 1781 1668 1860 prosequi
1686 1779 1792 1860 gracia
1811 1787 1843 1839 et
1861 1777 1979 1838 favore.

638 1973 680 2033 A.
713 1987 803 2052 1451,
831 1973 905 2034 lllaii
932 1975 959 2045 8,
984 1975 1014 2034 in
1041 1974 1193 2053 capitulo

531 2110 617 2178 397.
657 2114 706 2195 (ll.
746 2117 860 2194 136)..
895 2116 1014 2178 Vener.
1049 2115 1145 2179 dni..
1179 2117 1333 2178 miserunt
1366 2116 1448 2178 dnos
1480 2115 1691 2185 Gruschkam,
1726 2110 1915 2174 Godzamba
1947 2123 1978 2172 et

423 2221 602 2300 onannem
619 2221 791 2301 Wylczino
808 2241 879 2282 cum
900 2222 1013 2284 litteris
1035 2223 1206 2304 regalibus,
1223 2234 1343 2302 aperta,
1361 2235 1393 2287 et
1410 2223 1612 2285 dominorum
1630 2221 1669 2282 de
1686 2219 1980 2282 convencione

424 2330 454 2388 in
486 2327 590 2390 Colo
616 2349 675 2407 pro
698 2328 794 2390 Dom.
826 2327 1062 2408 »Quasimodoe
1091 2330 1261 2400 celebrata,
1288 2329 1404 2402 clausa,
1430 2343 1462 2392 et
1486 2330 1661 2392 eorundem
1687 2326 1800 2407 sigillis
1824 2325 1980 2406 sigillatas

424 2435 464 2494 acl
489 2434 639 2496 consules
662 2433 800 2496 Poznan.
827 2436 904 2514 ipsis
929 2437 1074 2516 scriptas,
1100 2437 1154 2516 qui
1180 2437 1284 2498 nuncii
1309 2438 1545 2500 descendentes
1566 2439 1606 2500 ad
1624 2440 1800 2519 pretorium
1818 2443 1979 2512 presenta-

425 2553 540 2602 verunt
572 2543 702 2602 easdem
736 2541 920 2602 consulibus
953 2542 1083 2616 Fawlro,
1121 2543 1308 2616 Laurenci0,
1342 2545 1425 2618 Ade,
1459 2543 1601 2626 Caspari,
1634 2547 1814 2608 Vincencio
1847 2557 1879 2608 et
1904 2547 1979 2617 aliis,

425 2649 553 2710 vidente
577 2647 718 2709 Martino
743 2650 886 2728 ipsorum
912 2651 1046 2720 notari0,
1071 2662 1103 2712 et
1128 2651 1311 2730 petiverunt
1337 2653 1395 2713 sibi
1419 2653 1460 2714 ad
1484 2652 1614 2716 easdem
1639 2654 1828 2734 responderi
1854 2703 1914 2716 ...

639 2841 681 2902 A.
711 2855 802 2920 1451,
828 2842 895 2904 Iulii
923 2857 949 2922 5,
974 2843 1004 2904 in
1029 2843 1172 2922 capitulo
1197 2846 1350 2926 generali.

533 2978 619 3048 398.
645 2981 691 3062 (ll.
723 2983 819 3062 137⁰).
847 2983 938 3046 Dnos
962 2987 1113 3047 custodes
1138 2984 1364 3048 Gneznensem
1382 2999 1414 3050 et
1432 2987 1693 3063 l'oznaniensem,
1718 2987 1975 3050 archidiaconum

426 3090 729 3151 Warschoviensem
755 3101 788 3152 et
813 3089 963 3152 Iacobum
990 3091 1030 3152 de
1054 3091 1232 3173 Vigonovo
1254 3092 1421 3156 officialem
1443 3095 1680 3176 deputaverunt
1697 3097 1890 3159 transituros
1906 3117 1977 3157 cum

424 3197 489 3258 dno
515 3196 587 3277 Epo
612 3197 652 3258 ad
677 3198 812 3260 ducatus
838 3199 1069 3261 Mazovienses.

638 3391 680 3453 A.
711 3407 801 3472 1451,
826 3391 892 3453 Iulii
918 3407 946 3470 7,
972 3394 1002 3454 in
1028 3393 1171 3472 capitulo
1197 3395 1348 3474 generali.

533 3531 617 3598 399.
641 3533 689 3612 (ll.
720 3537 802 3615 138).
828 3535 950 3596 Ibidem
976 3535 1080 3598 Rmus
1105 3547 1197 3615 pater
1222 3537 1304 3598 dnus
1328 3537 1417 3618 Epus
1442 3558 1481 3599 eo
1507 3539 1613 3608 modo,
1640 3558 1704 3619 quo
1729 3539 1855 3602 solebat
1872 3550 1978 3619 postu·

426 3643 490 3704 lare
514 3643 543 3702 in
569 3641 702 3722 singulis
727 3641 874 3722 capitulis
899 3642 1103 3722 generalibus
1127 3663 1145 3702 a
1170 3654 1318 3723 tempore
1343 3663 1399 3705 sue
1424 3647 1641 3724 promocionis
1667 3646 1696 3706 in
1723 3645 1837 3727 Epum,
1869 3657 1977 3727 postu-

425 3749 502 3810 lavit
526 3748 565 3810 de
590 3769 624 3810 se
649 3746 809 3827 perhiberi
834 3749 1063 3820 testimonium,
1088 3751 1112 3810 si
1138 3751 1243 3830 aliqua
1268 3761 1377 3812 essent
1402 3751 1432 3812 in
1458 3771 1496 3812 eo
1514 3763 1569 3814 aut
1586 3754 1616 3813 in
1634 3752 1721 3814 clero
1739 3753 1788 3814 vel
1806 3754 1837 3814 in
1857 3751 1978 3832 populo

425 3855 484 3916 sibi
509 3855 632 3916 credito
657 3855 755 3935 digna
772 3857 985 3928 correccione,
1010 3856 1261 3934 reprehensione
1279 3857 1345 3918 sive
1363 3859 1601 3932 emendacione,
1627 3860 1765 3922 offerens
1782 3881 1816 3922 se
1834 3870 1978 3941 paratum

425 3962 586 4042 corrigere
610 3973 642 4023 et
668 3963 858 4038 emendare;
884 3962 1059 4042 capitulum
1084 3983 1161 4024 vero
1189 3964 1357 4043 prehabito
1391 3965 1558 4028 sufficienti
1588 3967 1670 4029 inter
1702 3987 1736 4028 se
1769 3967 1976 4046 inquisicione

425 4079 457 4131 et
481 4069 717 4130 deliberacione
743 4070 980 4150 responderunt
1005 4070 1044 4130 de
1069 4069 1156 4130 nullo
1181 4091 1251 4132 esse
1276 4072 1584 4152 reprehendendum,
1610 4093 1682 4134 cum
1705 4085 1771 4136 tam
1789 4075 1818 4134 in
1836 4073 1978 4154 spiritua·

425 4175 507 4238 libus
531 4195 627 4256 quam
652 4179 682 4236 in
708 4177 941 4257 temporalibus
967 4175 1168 4238 laudabiliter
1192 4178 1403 4252 administret,
1436 4199 1532 4260 super
1555 4199 1621 4260 quo
1645 4181 1727 4241 dnus
1751 4180 1841 4260 Epus
1865 4179 1977 4260 petivit

425 4283 655 4362 instrumenta3
680 4283 886 4363 presentibus
911 4294 973 4346 etc.

640 4479 682 4540 A.
714 4493 803 4558 1451,
829 4477 898 4540 lulii
922 4482 949 4552 8,
975 4481 1006 4540 in
1031 4479 1173 4560 capitulo
1198 4481 1349 4560 generali.

531 4617 618 4686 400.
644 4621 688 4702 ill.
719 4623 797 4702 138).
823 4621 903 4684 Item
929 4622 994 4683 dno
1019 4623 1145 4684 custodi
1170 4642 1218 4694 eo,
1245 4623 1331 4702 qnod
1357 4621 1430 4683 feeit
1456 4623 1657 4704 diligenciam
1683 4625 1712 4684 in
1738 4623 1824 4686 facto
1849 4623 1977 4704 capituli

424 4729 456 4789 in
492 4731 824 4791 convencione
860 4729 1082 4811 generali
1119 4729 1528 4808 Pyotbr·coviensi
1565 4741 1678 4793 contra
1714 4733 1801 4794 cives
1829 4730 1975 4805 Poznan.,

425 4837 581 4917 deputato
605 4837 793 4899 dimiserunt
818 4836 864 4897 IV
889 4857 1012 4898 marcas
1036 4838 1210 4917 pensionis,
1240 4838 1269 4897 in
1296 4837 1411 4916 quibus
1435 4837 1540 4898 adhuc
1564 4839 1742 4900 tenebatur.
1776 4837 1856 4900 Item
1881 4839 1977 4899 dnum

425 4943 593 5006 doctorem
618 4944 834 5023 promiserunt
860 4943 994 5005 reddere
1019 4943 1223 5004 consolatum
1247 4965 1307 5024 pro
1332 4944 1415 5005 festo
1449 4944 1578 5006 Martini
1610 4945 1760 5024 proximo
1792 4963 1852 5025 pro
1886 4941 1978 5006 simili

425 5050 594 5131 diligencia
618 5051 735 5114 ibidem
761 5051 845 5112 facta
870 5051 1026 5113 effective.

640 5250 680 5306 A.
711 5259 800 5324 1451,
826 5245 893 5307 Iulii
918 5264 947 5322 9,
974 5245 1003 5305 in
1029 5246 1171 5325 capitulo
1196 5245 1346 5326 generali.

532 5382 620 5451 401.
646 5387 693 5466 (ΙΙ.
724 5388 821 5470 138⁰).
846 5388 927 5452 Item
952 5388 992 5449 ad
1018 5389 1338 5449 recomendacionem
1364 5387 1591 5450 Universitatis
1615 5389 1710 5450 studii
1727 5387 1863 5450 Cracov.
1880 5388 1976 5450 dnum

424 5489 611 5574 Smigelsky
636 5505 866 5574 reputaverunt
890 5515 950 5574 pro
975 5495 1133 5565 studente,
1159 5496 1216 5556 sed
1241 5496 1416 5557 subsidium
1442 5496 1500 5556 sibi
1526 5515 1574 5566 eo,
1599 5496 1685 5575 quod
1712 5495 1854 5556 nondum
1879 5495 1976 5556 estin

424 5601 522 5662 sacris
545 5601 748 5675 constitutus
773 5603 983 5685 denegarunt.
