4458 6356
413 593 451 660 52
922 579 1017 628 ACTA
1035 579 1199 628 CAPITULI
1218 579 1473 630 POZNANlENSIS

667 673 672 676 -
693 672 814 678 ——-
827 673 833 678 .
843 673 1076 678 ——.-.....-—......
1089 673 1107 678 -.
1117 673 1245 678 .-——-...-
1255 673 1326 678 -.-.
1347 673 1396 679 ---
1406 673 1488 680 --——
1503 673 1961 682 ---.---—-„——-——--——-

409 792 579 871 deposuit:
609 791 775 854 confessus
807 803 856 854 cst
880 813 916 855 se
941 793 1119 872 prestitisse
1150 792 1225 872 Epo
1259 794 1471 856 iuramentum
1501 791 1679 872 fidelitatis;
1715 793 1883 857 confessus
1912 803 1963 858 est

409 920 444 962 se
468 899 617 960 docuisse
641 899 770 980 plebem
794 897 826 960 X
851 909 1005 980 precepta
1013 918 1021 976 ;
1046 900 1137 962 novit
1160 897 1302 962 Cloczelr
1326 912 1359 962 et
1382 909 1594 964 conversatus
1610 901 1670 964 sibi
1693 902 1726 964 in
1742 901 1867 980 missis;
1888 921 1962 964 con·

409 1005 516 1068 fitetur
539 1017 709 1085 peccatum
732 1025 804 1067 esse
828 1007 1011 1067 conversari
1035 1025 1109 1067 cum
1133 1007 1423 1070 excommunicatis
1431 1027 1439 1084 ;
1467 1006 1648 1082 confitetur,
1672 1007 1760 1090 quod
1785 1007 1903 1082 docuit,
1927 1018 1962 1071 ut

408 1112 502 1193 plebs
526 1112 644 1174 debeat
667 1112 897 1174 communicari
921 1111 980 1174 sub
1012 1123 1215 1194 utraque
1246 1134 1261 1176 s
1275 1135 1296 1195 p
1309 1134 1327 1176 e
1340 1133 1358 1175 c
1371 1115 1380 1175 i
1393 1133 1427 1190 e;
1451 1114 1552 1178 credit
1575 1113 1768 1177 catholicam
1793 1113 1961 1178 ecclesiam

408 1238 582 1299 procurare
605 1239 703 1298 posse
727 1219 863 1281 salutem
888 1221 1082 1297 animarum;
1118 1219 1228 1296 credit,
1253 1219 1343 1302 quod
1366 1222 1616 1284 constitutiones
1652 1221 1856 1284 concilii
1890 1222 1961 1284 Ba·

408 1325 636 1388 siliensis
670 1326 710 1387 ad
743 1325 878 1388 salutem
911 1327 1088 1388 animarum
1113 1337 1188 1389 sunt
1213 1327 1373 1406 salubres;
1410 1329 1511 1392 eredit
1545 1327 1696 1391 Hussz
1730 1339 1764 1391 et
1786 1328 1866 1392 alios
1889 1349 1961 1392 esse

409 1431 605 1512 dampnatos
629 1432 826 1509 eternaliter;
862 1434 963 1495 credit
995 1432 1140 1495 sufficere
1164 1433 1367 1496 adsalutem
1392 1435 1452 1498 sub
1476 1455 1539 1497 una
1563 1437 1672 1516 specie
1695 1435 1845 1498 videlicet
1868 1437 1961 1516 panis

408 1539 710 1601 communicandum
735 1540 850 1616 laicos;
874 1539 1042 1602 consessus
1059 1551 1117 1616 est,
1142 1540 1230 1620 quod
1246 1541 1497 1603 communicavit
1520 1541 1580 1604 sub
1605 1553 1789 1623 utraque
1812 1541 1959 1624 specie

408 1645 625 1709 indifferenter
648 1666 771 1721 omnes
795 1647 849 1727 qui
873 1646 1037 1720 volebant,
1062 1647 1166 1709 adhuc
1182 1647 1312 1710 vivente
1336 1649 1401 1710 dno
1426 1649 1529 1710 iudice
1545 1648 1715 1729 Sbanslry;
1740 1658 1847 1730 negat,
1873 1648 1962 1730 quod

409 1755 535 1816 noviter
558 1755 812 1816 communicaret
836 1753 964 1836 aliquos
988 1753 1048 1816 sub
1073 1764 1208 1836 utraque
1233 1755 1351 1835 specie.
1366 1791 1408 1800 -
1431 1755 1604 1817 Terminus
1628 1756 1691 1818 dne
1716 1755 1826 1818 relicte
1851 1755 1962 1819 iudicis

408 1871 440 1924 et
464 1858 648 1923 hominibus
672 1860 712 1922 de
737 1861 954 1924 Dabanschim
978 1860 1019 1923 ad
1043 1859 1186 1944 [festum]
1214 1860 1401 1925 Natiuitatis
1426 1862 1527 1926 Marie
1551 1863 1619 1926 sive
1643 1864 1674 1924 in
1697 1862 1849 1926 crastino

619 2079 662 2142 A.
693 2096 783 2159 1442,
808 2079 876 2142 Iulii
901 2095 928 2159 3,
952 2081 984 2142 in
1008 2081 1151 2161 capitulo
1175 2081 1326 2162 generali.

515 2218 603 2287 257.
629 2221 677 2302 (ll.
703 2223 744 2300 2).
769 2221 897 2296 Custos,
921 2221 1158 2303 Twardowsky
1174 2223 1215 2286 ad
1240 2223 1576 2286 convencionem
1601 2223 1639 2284 in
1663 2221 1822 2286 Srzoda
1854 2223 1961 2306 [depu-

407 2327 542 2412 tantur];
566 2328 696 2392 cuilibet
721 2350 779 2410 per
802 2348 942 2392 marcam
969 2329 1034 2414 [dni
1059 2330 1174 2409 prelati
1197 2339 1231 2392 et
1255 2327 1412 2414 canonici]
1437 2341 1513 2393 sunt
1533 2330 1645 2394 daturi.

624 2549 666 2610 A.
695 2565 786 2628 1442,
810 2547 877 2610 Iulii
901 2563 931 2628 7,
954 2549 987 2612 in
1003 2549 1146 2630 capitulo
1170 2549 1322 2630 generali.

515 2686 603 2754 258.
636 2689 686 2770 (Il.
710 2690 758 2770 4⁰)
793 2689 1040 2772 Urnyesehewo
1064 2727 1107 2737 -
1131 2691 1195 2754 Dni
1219 2691 1351 2754 cuilibet
1374 2689 1541 2754 kmethoni
1573 2691 1762 2753 dimiserunt
1786 2711 1845 2772 per
1867 2690 1963 2756 ferto-

409 2817 483 2858 nem
508 2795 548 2858 de
572 2817 670 2860 censu
694 2799 768 2860 anni
792 2801 951 2879 preteriti,
975 2799 1109 2863 attentis
1133 2799 1291 2880 dampnis,
1316 2817 1380 2879 que
1404 2799 1491 2880 passi
1514 2807 1590 2860 sunt
1614 2817 1673 2878 per
1696 2797 1963 2875 expedicio

409 2923 486 2966 nes
521 2905 833 2968 exercituum.

516 3023 602 3092 259.
628 3027 677 3109 (ΙΙ.
705 3029 745 3109 5).
770 3029 895 3093 Eodem
920 3032 970 3094 die
986 3041 1063 3113 post
1080 3050 1233 3110 vesperas
1250 3029 1334 3091 circa
1350 3029 1581 3110 sigillacionem
1598 3027 1838 3110 privilegiorum
1854 3008 1961 3090 audita

409 3133 568 3196 relacione
585 3134 721 3196 duorum
745 3135 896 3200 Iohannis
920 3139 960 3200 de
984 3138 1179 3200 Twardowo
1198 3149 1229 3199 et
1247 3137 1400 3216 Lascary‚
1425 3137 1591 3217 quomodo
1616 3147 1746 3218 segetes
1762 3135 1907 3218 yemales
1930 3145 1963 3197 et

410 3241 560 3304 estivales
585 3251 650 3304 tam
677 3242 707 3303 in
732 3245 855 3325 campis
880 3265 976 3326 quam
1002 3247 1032 3307 in
1056 3246 1135 3308 ortis
1162 3245 1192 3306 in
1218 3243 1405 3325 Cozeglowi
1430 3263 1488 3324 per
1511 3243 1790 3324 grandinem
1815 3244 1846 3304 in
1869 3242 1963 3304 nichi-

409 3349 473 3410 lum
491 3359 565 3410 sunt
583 3349 719 3420 redacte,
744 3350 797 3412 dni
822 3350 939 3412 ibidem
964 3363 1141 3432 presentes,
1166 3373 1249 3432 quos
1274 3351 1384 3413 notavi
1408 3351 1439 3410 in
1464 3349 1526 3411 hne
1548 3349 1642 3412 huius
1666 3350 1834 3430 quinterui,
1859 3349 1961 3411 absol·

408 3465 523 3518 verunt
539 3475 558 3516 a
573 3475 681 3528 censu,
699 3455 739 3517 ad
756 3455 788 3518 S.
807 3457 980 3520 Martinum
998 3459 1166 3530 solvend0,
1187 3458 1227 3520 de
1244 3478 1330 3520 anno
1348 3459 1490 3537 presenti
1507 3456 1701 3519 kmethones
1718 3457 1749 3518 in
1766 3455 1961 3536 Cozeglowi.

513 3584 599 3653 260.
625 3589 727 3669 (lbid.)
751 3589 872 3652 Ibidem
897 3592 1131 3654 mandaverunt
1156 3591 1222 3653 fieri
1246 3611 1418 3672 processus
1443 3591 1532 3652 iuxta
1561 3600 1602 3652 st
1616 3610 1634 3651 a
1647 3600 1660 3652 t
1674 3611 1692 3650 u
1707 3601 1750 3651 ta
1781 3609 1803 3668 p
1817 3608 1864 3650 ro
1878 3609 1898 3650 v
1911 3589 1919 3650 i
1932 3608 1963 3648 n-

409 3695 553 3757 cialia
587 3706 700 3758 contra
724 3717 790 3771 eos
815 3699 869 3778 qui
893 3697 1034 3780 dampna
1068 3699 1242 3761 intulerunt
1267 3699 1298 3759 in
1322 3697 1507 3760 Schunowo
1540 3697 1738 3758 transeundo
1770 3695 1811 3756 ad
1835 3693 1963 3775 expedi·

409 3803 544 3878 cionem,
567 3823 664 3885 super
698 3804 814 3884 quibus
839 3827 977 3868 examen
1010 3807 1141 3868 testium
1167 3816 1217 3868 est
1241 3817 1418 3885 receptum.
1454 3803 1577 3866 Ibidem
1602 3803 1834 3865 commiserunt
1865 3801 1962 3882 recipi

409 3930 544 3972 examen
570 3931 667 3991 super
698 3911 846 3993 dampnis
871 3914 901 3974 in
927 3914 1113 3993 provisione
1137 3913 1191 3974 dni
1216 3911 1454 3992 Twardowsky
1485 3930 1543 3991 per
1574 3919 1779 3973 transeuntes
1802 3907 1843 3970 ad
1867 3929 1962 3990 expe·

409 4017 569 4080 dicionem
594 4017 694 4081 sactis.

622 4237 665 4300 A.
697 4255 787 4316 1442,
813 4238 1008 4301 Novembris
1037 4251 1083 4317 15,
1108 4239 1138 4300 in
1163 4237 1306 4319 capitulo
1330 4237 1482 4319 generali.

518 4375 606 4442 261.
632 4379 678 4460 (ll.
703 4382 761 4462 90).
787 4381 934 4442 Lascaris
959 4379 1132 4442 defalcabit
1155 4379 1198 4442 ΙΙΙ
1215 4398 1357 4442 marcas:
1383 4398 1479 4440 unam
1501 4378 1630 4440 racione
1654 4378 1964 4440 convencionis

412 4485 444 4544 in
468 4481 625 4548 Srzoda
648 4496 681 4548 et
705 4487 784 4548 duas
807 4488 936 4549 racione
961 4487 1175 4566 capitulorum
1200 4497 1261 4550 etc.

622 4677 664 4741 A.
695 4698 786 4758 1442,
811 4680 1001 4742 Decembris
1027 4697 1077 4758 29,
1102 4681 1132 4742 in
1158 4680 1311 4760 capitulo

515 4817 602 4886 262.
629 4821 674 4901 (ll.
705 4821 776 4902 13⁰).
814 4823 874 4884 Die
898 4821 1081 4885 Saturnii..
1113 4823 1144 4882 in
1169 4821 1316 4883 cubiculo
1347 4821 1504 4902 superiori
1536 4821 1591 4882 dni
1615 4819 1676 4902 Epi
1701 4831 1776 4883 tunc
1802 4823 1962 4902 presentis

408 4939 441 4990 et
466 4929 496 4990 in
521 4930 687 5008 presencia
711 4929 847 4992 duorum
873 4931 1167 5010 prescriptorum..
1204 4925 1342 4990 Iacobus
1374 4929 1414 4991 de
1445 4926 1567 4991 Grandi
1598 4928 1792 5008 approbavit
1826 4937 1859 4990 et
1883 4929 1963 4992 dixit

410 5035 509 5096 dnum
542 5035 710 5097 Nicolaum
744 5035 784 5098 de
815 5035 1051 5118 Lubyechowo
1087 5037 1322 5116 predicatorem
1358 5037 1388 5097 in
1420 5037 1553 5098 ecclesia
1586 5036 1722 5098 Poznan.
1756 5056 1828 5098 esse
1860 5037 1961 5099 virum

408 5141 530 5203 bonum
569 5153 602 5204 et
640 5142 933 5205 catholicum
972 5153 1005 5207 et
1036 5142 1109 5204 fidei
1140 5142 1325 5204 orthodoxe
1359 5143 1516 5206 cultorem
1553 5162 1612 5205 nec
1646 5143 1686 5204 de
1721 5141 1864 5204 heresi
1895 5163 1965 5206 sus-

408 5259 558 5330 pectum.
591 5249 713 5312 Ibidem
746 5249 828 5312 dnus
859 5250 949 5330 Epus
980 5261 1179 5330 protestatus
1213 5261 1279 5324 est,
1312 5251 1398 5331 quod
1431 5261 1496 5314 stat
1521 5249 1713 5314 etintendit
1747 5249 1884 5312 decretis
1913 5252 1959 5312 si-

409 5356 507 5418 nodi
537 5337 834 5436 provincialis,
860 5377 924 5438 quo
948 5358 990 5419 ad
1011 5357 1333 5420 neutralitatem
1358 5357 1426 5419 dni
1450 5357 1631 5440 Eugenii
1655 5367 1692 5419 et
1715 5355 1904 5428 concilii,
1929 5366 1963 5420 et

409 5461 491 5524 dnus
515 5462 668 5526 Nicolaus
705 5464 888 5543 predicator
911 5464 992 5526 dixit
1017 5483 1051 5528 se
1076 5485 1183 5526 errore
1207 5475 1239 5526 et
1264 5466 1449 5546 ignorancia
1484 5465 1684 5546 predicatum
1718 5463 1814 5526 fuisse
1843 5463 1873 5524 in
1897 5483 1961 5524 arn-

409 5567 503 5642 hone,
540 5570 628 5651 quod
652 5571 735 5633 dnus
759 5569 850 5650 Epus
874 5571 1008 5634 omnino
1039 5573 1184 5636 stetisset
1208 5581 1241 5636 et
1265 5571 1443 5634 declararet
1466 5591 1502 5633 se
1525 5591 1585 5652 pro
1609 5571 1674 5632 dno
1706 5569 1863 5652 Eugeni0,
1887 5567 1960 5634 alle-
