4458 6356
922 588 1012 638 ANNI
1031 586 1109 642 1435.
1755 605 1793 671 35

1071 681 1174 688 ...—
1574 681 1794 691 ——-..—....

237 812 353 866 verunt
377 811 410 864 et
434 801 517 864 duos
552 821 655 882 equos
679 801 710 863 in
734 801 845 864 valore
880 801 960 864 XVI
985 822 1172 874 marcarum,
1209 803 1250 865 ad
1275 823 1405 866 causam
1431 802 1574 866 infacto
1611 804 1797 885 equacionis

237 909 466 980 beneficiorum
489 911 522 970 in
545 908 680 972 ecclesia
704 905 799 972 Pozn.
825 929 898 972 cum
923 909 995 972 dnis
1019 911 1188 992 preposito
1212 923 1245 974 et
1268 922 1402 973 cantore
1426 910 1565 973 Poznan.

349 1013 432 1082 169.
456 1015 556 1098 (ibid.)
580 1015 662 1079 Item
686 1015 898 1080 decreverunt
921 1037 1029 1080 vener.
1054 1011 1137 1080 dnos
1161 1037 1289 1099 mgrum
1306 1015 1554 1080 Strzeszkonem
1579 1029 1612 1080 et
1635 1017 1791 1080 Mathiam

239 1125 330 1206 Drya
365 1124 522 1186 decanum
559 1133 591 1186 et
625 1143 753 1204 mgrum
789 1122 1036 1187 Strzeszkonem
1067 1125 1105 1206 (s)
1128 1145 1242 1187 versus
1276 1124 1548 1187 Lanciciam
1584 1125 1636 1187 ad
1667 1145 1796 1206 syno-

240 1232 294 1294 du
307 1252 339 1294 m
363 1222 682 1312 provincialem
707 1241 740 1294 et
763 1231 894 1294 cuilibet
912 1235 1055 1313 ipsorum
1073 1253 1132 1314 per
1148 1231 1195 1295 IV
1212 1251 1336 1294 marcas
1360 1252 1420 1313 pro
1438 1233 1590 1313 expensis
1607 1233 1730 1294 dandas
1746 1232 1800 1295 de-

240 1349 421 1402 creverunt.

451 1531 495 1595 A.
525 1545 617 1612 1435,
640 1532 717 1594 Maii
745 1549 791 1610 19,
816 1533 848 1593 in
872 1531 1025 1614 capitulo.

348 1689 432 1757 170.
458 1694 506 1776 (15
513 1693 560 1774 3⁰)
574 1741 601 1756 ..
626 1693 745 1756 Vener.
769 1691 933 1772 Johannes
958 1693 999 1755 de
1022 1692 1248 1773 Nyewyeschs
1271 1693 1412 1756 decanus
1436 1691 1713 1755 Wladislaviensis
1737 1714 1794 1756 ex-

238 1799 347 1862 hibitis
378 1799 570 1880 quibusdam
603 1800 810 1880 processibus
839 1799 1068 1862 inhibicionum
1098 1801 1162 1862 Rdi
1191 1801 1292 1882 patris
1323 1800 1377 1862 dni
1408 1799 1546 1863 Antonii
1574 1801 1615 1862 de
1649 1798 1681 1862 S.
1701 1801 1794 1863 ·Vito

239 1907 441 1969 decretorum
459 1906 612 1986 doctoris,
638 1926 766 1969 causam
784 1908 987 1988 prepositure
1011 1907 1132 1970 Gnezn.
1158 1909 1373 1990 tangencium,
1396 1927 1505 1973 vener.
1530 1916 1563 1970 et
1579 1907 1691 1970 honor.
1708 1908 1794 1970 viros

239 2014 363 2076 dnos..
396 2014 540 2094 prelatos
564 2024 597 2078 et
621 2015 840 2078 canonicos..
872 2035 930 2096 per
954 2014 1128 2077 discretum
1152 2015 1192 2077 N.
1217 2016 1257 2078 de
1280 2014 1484 2095 Blisznyewo
1507 2015 1659 2075 vicarium
1683 2034 1793 2095 perpe-

239 2130 329 2182 tuum
354 2121 385 2181 in
409 2120 544 2182 ecclesia
568 2120 706 2185 Poznan.
737 2131 892 2202 tanquam
925 2121 1196 2184 subexecutorem
1225 2123 1349 2184 monuit
1372 2132 1407 2183 et
1428 2121 1609 2201 requisivit,
1644 2121 1793 2201 quatinus

238 2226 279 2288 ad
303 2227 534 2289 execucionem
558 2227 715 2290 dictarum
743 2228 921 2291 litterarum
944 2248 1002 2290 seu
1026 2249 1236 2310 processuum
1261 2227 1476 2309 procederent
1484 2247 1492 2305 ;
1527 2227 1715 2309 quiquidem
1739 2227 1793 2289 dni

239 2335 352 2414 prelati
384 2345 418 2398 et
448 2335 595 2396 canonici
625 2334 776 2398 dixerunt
807 2353 843 2398 se
873 2335 956 2397 velle
987 2355 1100 2416 parere
1132 2335 1292 2398 mandatis
1323 2334 1512 2416 apostolicis
1544 2345 1576 2397 et
1609 2334 1694 2396 dicte
1717 2333 1793 2396 inhi-

241 2441 367 2504 bicioni.

450 2634 494 2698 A.
525 2651 620 2715 1435,
643 2635 726 2716 Junii
755 2654 809 2715 14,
833 2638 864 2698 in
889 2635 1043 2717 capitulo,

349 2791 434 2860 171.
472 2795 507 2878 (Ι.
545 2796 676 2878 1540)..
711 2795 747 2858 In
779 2797 852 2860 loco
882 2796 1048 2879 capitulari
1079 2796 1209 2880 magnis.
1241 2796 1324 2860 dnus
1355 2795 1507 2858 Andreas
1537 2797 1792 2878 capitaneus

237 2901 414 2966 Maioris
446 2902 626 2966 Polonie
656 2905 874 2985 generalis
905 2925 943 2966 ac
974 2895 1148 2967 venenet
1176 2903 1289 2968 honor.
1321 2903 1374 2965 dni
1405 2903 1446 2965 N.
1472 2903 1512 2965 de
1537 2901 1649 2965 Gorka
1672 2904 1794 2967 cancel·

238 3009 350 3090 larius,
374 3007 525 3072 Clemens
549 3009 768 3086 scolasticus,
788 3011 827 3073 N.
850 3011 1049 3090 Lanthman,
1081 3011 1120 3074 N.
1144 3010 1356 3085 Srzemensis,
1377 3009 1541 3090 Johannes
1565 3009 1722 3084 Furman‚
1742 3012 1793 3091 Ja-

239 3115 340 3178 cobus
364 3117 404 3178 de
428 3117 638 3199 Wyganowo
670 3127 703 3180 et
731 3117 878 3182 Thomas
908 3119 949 3180 de
981 3117 1116 3182 Cosczol
1150 3119 1266 3200 prelati
1296 3127 1329 3181 et
1353 3118 1542 3180 canonici..
1578 3119 1792 3182 terminum..

239 3222 279 3314 de
302 3233 335 3285 et
358 3243 456 3304 super
478 3224 577 3286 domo
602 3245 658 3287 seu
683 3236 846 3288 conventu
870 3226 955 3289 dicte
979 3225 1096 3289 domus
1120 3225 1151 3290 S.
1181 3225 1340 3307 Johannis
1354 3273 1383 3288 ..
1416 3223 1495 3286 infra
1519 3223 1594 3287 hinc
1617 3235 1650 3288 et
1674 3226 1792 3306 capitu·

238 3328 301 3391 lum
326 3350 352 3392 s.
377 3330 506 3394 Martini
530 3331 758 3394 celebrandum
781 3332 1015 3396 distulerunt..

449 3541 491 3606 A.
522 3557 620 3622 1435,
641 3541 725 3623 Junii
751 3560 799 3622 30,
823 3545 855 3606 in
880 3544 1022 3625 capitulo
1047 3543 1200 3626 generali.

350 3680 432 3750 172.
458 3685 490 3766 ll.
521 3685 617 3766 155⁰).
643 3685 724 3748 Item
748 3685 866 3748 ibidem
890 3686 1006 3750 auditis
1031 3687 1169 3768 querelis
1193 3685 1325 3750 fratrum
1342 3707 1473 3750 suorum
1491 3686 1667 3750 Clementis
1691 3687 1792 3750 scola-

237 3791 307 3854 stici
331 3801 365 3854 et
387 3791 426 3852 N.
452 3791 637 3855 Lanthman
667 3794 831 3868 canonici,
868 3794 955 3874 quod
987 3793 1062 3857 licet
1085 3795 1147 3875 ipsi
1170 3795 1234 3857 sint
1257 3795 1289 3856 in
1313 3793 1449 3856 ecclesia
1472 3793 1612 3872 Poznan.
1640 3793 1792 3857 Clemens

236 3900 268 3959 in
292 3897 498 3960 scolasticum
522 3909 555 3962 et
578 3899 619 3962 N.
645 3898 830 3961 Lanthman
855 3901 887 3962 in
911 3903 1101 3963 canonicum
1126 3900 1247 3964 dudum
1271 3903 1393 3983 recepti
1417 3911 1449 3964 et
1473 3903 1629 3963 canonice
1652 3903 1793 3964 assecuti

235 4005 352 4068 fuerint
375 4007 519 4086 ipsorum
544 4007 658 4068 eadem
682 4006 837 4069 beneficia
861 4018 893 4070 et
917 4008 948 4069 in
977 4009 1184 4089 possessione
1208 4007 1341 4089 pacifica
1363 4007 1547 4070 Lanthman
1571 4009 1704 4090 triginta
1727 4029 1792 4070 uno

236 4115 342 4186 annis
367 4111 518 4176 Clemens
541 4134 619 4175 vero
643 4114 789 4194 pluribus
813 4115 978 4177 mensibus
1002 4116 1183 4188 extiterint,
1209 4114 1432 4178 nichilominus
1456 4125 1565 4178 tamen
1584 4116 1675 4178 Rdus
1699 4126 1793 4196 pater

235 4219 316 4281 dnus
336 4217 515 4282 Stanislaus
539 4219 630 4301 Epus
654 4220 803 4292 Poznan.,
828 4223 874 4283 eis
899 4241 964 4282 non
988 4221 1113 4283 vocatis
1138 4242 1196 4283 nec
1214 4221 1253 4284 de
1270 4222 1378 4303 aliquo
1402 4223 1533 4284 crimine
1557 4223 1714 4284 convictis
1737 4232 1793 4286 aut

232 4327 389 4388 confessis
405 4326 445 4387 de
462 4328 655 4388 canonicatu
672 4337 706 4389 et
722 4327 887 4408 prebenda
904 4329 1005 4436 ipsius
1027 4327 1152 4390 Nicolai
1176 4329 1303 4390 cuidam
1323 4328 1464 4409 johanni
1479 4329 1621 4410 plebano
1638 4329 1678 4390 de
1696 4329 1794 4410 Wys-

232 4453 309 4495 cocz
326 4443 359 4497 et
382 4434 569 4513 ignobili
593 4454 665 4496 seu
689 4434 885 4517 plebey0,
910 4435 1034 4496 cuidam
1052 4455 1130 4497 vero
1146 4435 1173 4497 F
1176 4437 1321 4498 rancisco
1338 4436 1378 4498 de
1395 4436 1506 4498 Bossis
1523 4435 1651 4499 Ytalico
1669 4435 1708 4497 de
1726 4456 1794 4498 sco-

235 4539 344 4602 lastria
361 4541 460 4621 ipsius
477 4540 661 4614 Clementis
679 4553 775 4622 prout
787 4542 828 4604 ad
845 4563 957 4604 eorum
975 4543 1127 4604 noticiam
1139 4544 1300 4624 pervenit,
1318 4543 1433 4604 dicitur
1445 4543 1640 4624 providisse;
1658 4553 1793 4624 propter

236 4666 300 4727 que
323 4647 384 4727 ipsi
408 4647 462 4709 dni
487 4645 637 4710 Clemens
661 4658 694 4710 et
710 4646 864 4711 Nicolaus
881 4650 1054 4730 protestati
1070 4660 1145 4713 sunt
1162 4650 1202 4713 de
1218 4649 1414 4732 appellando
1430 4652 1472 4712 ab
1489 4649 1672 4712 huiusmodi
1689 4653 1791 4730 provi·

235 4755 325 4816 sione
342 4763 374 4815 et
392 4753 620 4837 [processibus]
642 4755 759 4817 exinde
783 4757 918 4829 secutis,
942 4765 975 4818 et
998 4757 1099 4818 eciam
1116 4759 1246 4838 insuper
1262 4778 1302 4820 ne
1317 4759 1349 4818 in
1366 4757 1437 4818 loca
1455 4766 1488 4820 et
1503 4755 1657 4818 beneficia
1681 4777 1792 4818 eorun-

235 4860 309 4922 dem
330 4860 407 4922 dicti
427 4860 593 4940 Johannes
617 4871 649 4924 et
672 4861 699 4922 F
703 4864 865 4926 ranciscus
889 4864 1001 4926 intrusi
1033 4864 1227 4944 recipiantur
1251 4885 1310 4944 per
1332 4864 1415 4926 dnos
1438 4861 1479 4926 de
1503 4863 1658 4944 capitulo,
1694 4865 1792 4944 prius·

236 4987 332 5047 quam
356 4966 473 5030 fuerint
496 4969 635 5030 convicti
668 4968 817 5050 legitime¹
835 4979 868 5032 et
891 4971 1008 5050 privati
1031 4990 1090 5051 per
1112 4972 1218 5050 ipsum
1242 4971 1340 5032 dnum
1365 4970 1472 5052 Epum
1496 4980 1551 5032 aut
1574 4970 1670 5032 aliurn
1694 4971 1735 5031 ad
1759 4971 1791 5032 id

235 5083 434 5153 potestatem
459 5072 634 5137 habentem
658 5085 691 5137 et
722 5087 965 5156 competentem
998 5077 1150 5150 iudicem,
1186 5077 1327 5158 alioquin
1360 5077 1625 5158 protestabantur
1648 5075 1792 5140 similiter

236 5179 276 5242 de
290 5181 396 5262 spolio
413 5192 446 5244 et
465 5181 576 5243 iniuria
594 5183 742 5264 irrogatis
759 5203 815 5244 seu
832 5183 1020 5264 irrogandis,
1034 5185 1294 5246 -concorditer
1309 5184 1536 5246 concluserunt
1553 5203 1663 5245 eorum
1685 5182 1792 5265 appel·

236 5288 414 5352 lacionibus
437 5289 620 5352 huiusmodi
643 5291 888 5369 interponendis
911 5289 1146 5364 adherendum,
1181 5303 1215 5354 et
1238 5292 1265 5354 si
1288 5292 1483 5372 procedetur
1506 5301 1619 5353 contra
1644 5291 1727 5354 dnos
1751 5291 1792 5354 de

236 5396 379 5475 capitulo
403 5417 461 5477 per
484 5397 584 5458 dnum
607 5397 714 5478 Epum
737 5397 789 5460 vel
814 5407 1024 5460 executorem
1053 5399 1193 5480 aliquem
1225 5400 1419 5462 auctoritate
1442 5398 1602 5460 ordinaria
1635 5409 1691 5462 aut
1714 5418 1790 5480 apo·

237 5502 351 5565 stolica
376 5503 419 5565 ob
443 5524 509 5566 non
533 5507 758 5586 recepcionem
791 5505 949 5567 dictorum
976 5504 1132 5585 Johannis
1164 5516 1197 5568 et
1228 5505 1407 5578 Francisci,
1442 5504 1678 5585 volueruntque
1701 5505 1790 5586 quod

238 5620 358 5673 extunc
380 5621 608 5692 procuratores
632 5613 763 5693 capituli
787 5613 917 5676 nomine
941 5614 1084 5676 omnium
1108 5613 1274 5696 appellent
1302 5615 1343 5676 ab
1367 5615 1487 5678 eisdem
1512 5613 1726 5694 processibus
1757 5625 1790 5678 et
