<?xml version="1.0" encoding="UTF-8"?>
<!DOCTYPE html PUBLIC "-//W3C//DTD XHTML 1.0 Transitional//EN"
    "http://www.w3.org/TR/xhtml1/DTD/xhtml1-transitional.dtd">
<html xmlns="http://www.w3.org/1999/xhtml" xml:lang="en" lang="en">
 <head>
  <title>
</title>
<meta http-equiv="Content-Type" content="text/html;charset=utf-8" />
  <meta name='ocr-system' content='tesseract 3.04.00' />
  <meta name='ocr-capabilities' content='ocr_page ocr_carea ocr_par ocr_line ocrx_word'/>
</head>
<body>
  <div class='ocr_page' id='page_1' title='image "actacapitulorum00czubgoog_0041.png"; bbox 0 0 4458 6356; ppageno 0'>
   <div class='ocr_carea' id='block_1_1' title="bbox 959 573 1146 628">
    <p class='ocr_par' dir='ltr' id='par_1_1' title="bbox 959 573 1146 628">
     <span class='ocr_line' id='line_1_1' title="bbox 959 573 1146 628; baseline 0 -2"><span class='ocrx_word' id='word_1_1' title='bbox 959 575 1048 626; x_wconf 87' lang='lat' dir='ltr'><strong>ANNI</strong></span> <span class='ocrx_word' id='word_1_2' title='bbox 1068 573 1146 628; x_wconf 71' lang='lat'>1433.</span> 
     </span>
    </p>
   </div>
   <div class='ocr_carea' id='block_1_2' title="bbox 274 592 1833 1922">
    <p class='ocr_par' dir='ltr' id='par_1_2' title="bbox 275 592 1833 1192">
     <span class='ocr_line' id='line_1_2' title="bbox 1790 592 1829 654; baseline 0 0"><span class='ocrx_word' id='word_1_3' title='bbox 1790 592 1829 654; x_wconf 85' lang='lat'>23</span> 
     </span>
     <span class='ocr_line' id='line_1_3' title="bbox 275 769 1832 872; baseline 0 -20"><span class='ocrx_word' id='word_1_4' title='bbox 275 791 413 852; x_wconf 89' lang='lat' dir='ltr'>Poznan.</span> <span class='ocrx_word' id='word_1_5' title='bbox 439 811 490 854; x_wconf 90' lang='lat' dir='ltr'>res</span> <span class='ocrx_word' id='word_1_6' title='bbox 513 791 636 872; x_wconf 88' lang='lat' dir='ltr'>aliquas</span> <span class='ocrx_word' id='word_1_7' title='bbox 660 769 893 852; x_wconf 80' lang='lat' dir='ltr'>ecclesiasticas</span> <span class='ocrx_word' id='word_1_8' title='bbox 917 793 950 852; x_wconf 89' lang='grc'>111</span> <span class='ocrx_word' id='word_1_9' title='bbox 966 810 1044 852; x_wconf 93' lang='lat' dir='ltr'>auro</span> <span class='ocrx_word' id='word_1_10' title='bbox 1062 811 1118 852; x_wconf 90' lang='lat' dir='ltr'>scu</span> <span class='ocrx_word' id='word_1_11' title='bbox 1134 799 1272 870; x_wconf 87' lang='lat' dir='ltr'>argento</span> <span class='ocrx_word' id='word_1_12' title='bbox 1289 790 1321 850; x_wconf 93' lang='lat' dir='ltr'>in</span> <span class='ocrx_word' id='word_1_13' title='bbox 1337 789 1398 852; x_wconf 92' lang='lat' dir='ltr'>LX</span> <span class='ocrx_word' id='word_1_14' title='bbox 1415 789 1530 850; x_wconf 88' lang='lat' dir='ltr'>marcis</span> <span class='ocrx_word' id='word_1_15' title='bbox 1548 809 1607 868; x_wconf 93' lang='lat' dir='ltr'>pro</span> <span class='ocrx_word' id='word_1_16' title='bbox 1628 791 1693 850; x_wconf 89' lang='lat' dir='ltr'>dno</span> <span class='ocrx_word' id='word_1_17' title='bbox 1714 789 1832 870; x_wconf 85' lang='lat' dir='ltr'><strong>Rege</strong></span> 
     </span>
     <span class='ocr_line' id='line_1_4' title="bbox 276 895 1833 979; baseline -0.001 -19"><span class='ocrx_word' id='word_1_18' title='bbox 276 898 390 960; x_wconf 86' lang='lat' dir='ltr'>dandis</span> <span class='ocrx_word' id='word_1_19' title='bbox 414 907 600 979; x_wconf 86' lang='lat' dir='ltr'>proponant</span> <span class='ocrx_word' id='word_1_20' title='bbox 624 907 657 960; x_wconf 92' lang='lat' dir='ltr'>et</span> <span class='ocrx_word' id='word_1_21' title='bbox 680 897 886 978; x_wconf 87' lang='lat' dir='ltr'>obligabunt,</span> <span class='ocrx_word' id='word_1_22' title='bbox 911 897 1026 958; x_wconf 79' lang='lat' dir='ltr'>dantes</span> <span class='ocrx_word' id='word_1_23' title='bbox 1050 897 1127 976; x_wconf 90' lang='lat' dir='ltr'>ipsis</span> <span class='ocrx_word' id='word_1_24' title='bbox 1151 895 1336 958; x_wconf 83' lang='lat' dir='ltr'>facultatem</span> <span class='ocrx_word' id='word_1_25' title='bbox 1361 895 1582 956; x_wconf 87' lang='lat' dir='ltr'>omnimodam</span> <span class='ocrx_word' id='word_1_26' title='bbox 1599 895 1640 956; x_wconf 91' lang='lat' dir='ltr'>de</span> <span class='ocrx_word' id='word_1_27' title='bbox 1657 895 1752 957; x_wconf 91' lang='lat' dir='ltr'>rebus</span> <span class='ocrx_word' id='word_1_28' title='bbox 1776 895 1833 958; x_wconf 91' lang='lat' dir='ltr'>eis·</span> 
     </span>
     <span class='ocr_line' id='line_1_5' title="bbox 278 1002 1829 1085; baseline -0.002 -19"><span class='ocrx_word' id='word_1_29' title='bbox 278 1005 351 1066; x_wconf 92' lang='lat' dir='ltr'>dem</span> <span class='ocrx_word' id='word_1_30' title='bbox 375 1003 416 1066; x_wconf 90' lang='lat' dir='ltr'>ad</span> <span class='ocrx_word' id='word_1_31' title='bbox 440 1003 523 1066; x_wconf 88' lang='lat' dir='ltr'>bene</span> <span class='ocrx_word' id='word_1_32' title='bbox 555 1003 673 1084; x_wconf 88' lang='lat' dir='ltr'>placita</span> <span class='ocrx_word' id='word_1_33' title='bbox 705 1005 848 1084; x_wconf 92' lang='lat' dir='ltr'>ipsorum</span> <span class='ocrx_word' id='word_1_34' title='bbox 881 1003 1075 1084; x_wconf 91' lang='lat' dir='ltr'>disponendi</span> <span class='ocrx_word' id='word_1_35' title='bbox 1106 1003 1303 1085; x_wconf 87' lang='lat' dir='ltr'>easdemque</span> <span class='ocrx_word' id='word_1_36' title='bbox 1334 1023 1385 1064; x_wconf 91' lang='lat' dir='ltr'>res</span> <span class='ocrx_word' id='word_1_37' title='bbox 1414 1003 1585 1064; x_wconf 88' lang='lat' dir='ltr'>mercatori</span> <span class='ocrx_word' id='word_1_38' title='bbox 1609 1002 1735 1064; x_wconf 91' lang='lat' dir='ltr'>cuidam</span> <span class='ocrx_word' id='word_1_39' title='bbox 1760 1021 1829 1082; x_wconf 87' lang='lat' dir='ltr'>pro·</span> 
     </span>
     <span class='ocr_line' id='line_1_6' title="bbox 276 1100 1691 1192; baseline -0.002 -19"><span class='ocrx_word' id='word_1_40' title='bbox 276 1112 430 1192; x_wconf 83' lang='lat' dir='ltr'>ponendi</span> <span class='ocrx_word' id='word_1_41' title='bbox 896 1181 899 1187; x_wconf 17' lang='grc'>,</span> <span class='ocrx_word' id='word_1_42' title='bbox 1690 1100 1691 1103; x_wconf 44' lang='lat'>&#39;</span> 
     </span>
    </p>

    <p class='ocr_par' dir='ltr' id='par_1_3' title="bbox 274 1215 1833 1922">
     <span class='ocr_line' id='line_1_7' title="bbox 384 1215 1831 1299; baseline -0.003 -18"><span class='ocrx_word' id='word_1_43' title='bbox 384 1215 469 1283; x_wconf 78' lang='grc'>112.</span> <span class='ocrx_word' id='word_1_44' title='bbox 494 1217 600 1299; x_wconf 87' lang='lat' dir='ltr'>(lbid.)</span> <span class='ocrx_word' id='word_1_45' title='bbox 624 1217 705 1280; x_wconf 88' lang='lat' dir='ltr'>Item</span> <span class='ocrx_word' id='word_1_46' title='bbox 730 1216 952 1288; x_wconf 88' lang='lat' dir='ltr'>decreverunt,</span> <span class='ocrx_word' id='word_1_47' title='bbox 977 1216 1064 1298; x_wconf 93' lang='lat' dir='ltr'>quod</span> <span class='ocrx_word' id='word_1_48' title='bbox 1088 1217 1165 1278; x_wconf 92' lang='lat' dir='ltr'>dicti</span> <span class='ocrx_word' id='word_1_49' title='bbox 1188 1216 1242 1278; x_wconf 91' lang='lat' dir='ltr'>dni</span> <span class='ocrx_word' id='word_1_50' title='bbox 1266 1215 1406 1278; x_wconf 88' lang='lat' dir='ltr'>Mathias</span> <span class='ocrx_word' id='word_1_51' title='bbox 1423 1226 1455 1277; x_wconf 90' lang='lat' dir='ltr'>et</span> <span class='ocrx_word' id='word_1_52' title='bbox 1472 1215 1626 1277; x_wconf 88' lang='lat' dir='ltr'>Nicolaus</span> <span class='ocrx_word' id='word_1_53' title='bbox 1644 1225 1831 1297; x_wconf 88' lang='lat' dir='ltr'>proponant</span> 
     </span>
     <span class='ocr_line' id='line_1_8' title="bbox 274 1322 1833 1404; baseline 0.001 -20"><span class='ocrx_word' id='word_1_54' title='bbox 274 1322 419 1386; x_wconf 90' lang='lat' dir='ltr'>similiter</span> <span class='ocrx_word' id='word_1_55' title='bbox 441 1344 493 1386; x_wconf 89' lang='lat' dir='ltr'>res</span> <span class='ocrx_word' id='word_1_56' title='bbox 516 1323 651 1386; x_wconf 86' lang='lat' dir='ltr'>ecclesie</span> <span class='ocrx_word' id='word_1_57' title='bbox 675 1325 706 1386; x_wconf 93' lang='lat' dir='ltr'>in</span> <span class='ocrx_word' id='word_1_58' title='bbox 730 1345 809 1386; x_wconf 92' lang='lat' dir='ltr'>auro</span> <span class='ocrx_word' id='word_1_59' title='bbox 833 1323 885 1385; x_wconf 92' lang='lat' dir='ltr'>vel</span> <span class='ocrx_word' id='word_1_60' title='bbox 909 1333 1046 1404; x_wconf 86' lang='lat' dir='ltr'>argento</span> <span class='ocrx_word' id='word_1_61' title='bbox 1077 1324 1109 1384; x_wconf 91' lang='lat' dir='ltr'>in</span> <span class='ocrx_word' id='word_1_62' title='bbox 1133 1323 1161 1384; x_wconf 95' lang='lat' dir='ltr'>L</span> <span class='ocrx_word' id='word_1_63' title='bbox 1185 1323 1301 1384; x_wconf 91' lang='lat' dir='ltr'>marcis</span> <span class='ocrx_word' id='word_1_64' title='bbox 1324 1323 1393 1384; x_wconf 89' lang='lat' dir='ltr'>aliis</span> <span class='ocrx_word' id='word_1_65' title='bbox 1420 1323 1470 1384; x_wconf 90' lang='lat' dir='ltr'>vel</span> <span class='ocrx_word' id='word_1_66' title='bbox 1495 1323 1647 1402; x_wconf 74' lang='lat' dir='ltr'>pluribus</span> <span class='ocrx_word' id='word_1_67' title='bbox 1673 1333 1728 1384; x_wconf 91' lang='lat' dir='ltr'>aut</span> <span class='ocrx_word' id='word_1_68' title='bbox 1753 1332 1833 1403; x_wconf 91' lang='lat' dir='ltr'>quot</span> 
     </span>
     <span class='ocr_line' id='line_1_9' title="bbox 276 1429 1832 1514; baseline 0 -24"><span class='ocrx_word' id='word_1_69' title='bbox 276 1431 408 1493; x_wconf 92' lang='lat' dir='ltr'>inveniri</span> <span class='ocrx_word' id='word_1_70' title='bbox 432 1432 584 1511; x_wconf 85' lang='lat' dir='ltr'>poterint,</span> <span class='ocrx_word' id='word_1_71' title='bbox 609 1451 666 1514; x_wconf 92' lang='lat' dir='ltr'>pro</span> <span class='ocrx_word' id='word_1_72' title='bbox 690 1430 856 1494; x_wconf 90' lang='lat' dir='ltr'>solucione</span> <span class='ocrx_word' id='word_1_73' title='bbox 880 1431 1131 1492; x_wconf 88' lang='lat' dir='ltr'>contribucionis</span> <span class='ocrx_word' id='word_1_74' title='bbox 1154 1429 1397 1510; x_wconf 75' lang='lat' dir='ltr'>adaquatorum,</span> <span class='ocrx_word' id='word_1_75' title='bbox 1423 1450 1483 1510; x_wconf 93' lang='lat' dir='ltr'>pro</span> <span class='ocrx_word' id='word_1_76' title='bbox 1508 1449 1641 1509; x_wconf 90' lang='lat' dir='ltr'>quarum</span> <span class='ocrx_word' id='word_1_77' title='bbox 1665 1449 1770 1490; x_wconf 89' lang='lat' dir='ltr'>rerum</span> <span class='ocrx_word' id='word_1_78' title='bbox 1788 1449 1832 1491; x_wconf 89' lang='lat' dir='ltr'>re-</span> 
     </span>
     <span class='ocr_line' id='line_1_10' title="bbox 277 1535 1831 1628; baseline -0.001 -29"><span class='ocrx_word' id='word_1_79' title='bbox 277 1537 470 1618; x_wconf 89' lang='lat' dir='ltr'>dempcione</span> <span class='ocrx_word' id='word_1_80' title='bbox 494 1540 665 1601; x_wconf 91' lang='lat' dir='ltr'>terminum</span> <span class='ocrx_word' id='word_1_81' title='bbox 690 1537 769 1599; x_wconf 88' lang='lat' dir='ltr'>infra</span> <span class='ocrx_word' id='word_1_82' title='bbox 792 1536 867 1598; x_wconf 95' lang='lat' dir='ltr'>hinc</span> <span class='ocrx_word' id='word_1_83' title='bbox 891 1548 924 1599; x_wconf 90' lang='lat' dir='ltr'>et</span> <span class='ocrx_word' id='word_1_84' title='bbox 947 1537 1064 1601; x_wconf 88' lang='lat' dir='ltr'>festum</span> <span class='ocrx_word' id='word_1_85' title='bbox 1090 1537 1119 1598; x_wconf 93' lang='lat' dir='ltr'>b.</span> <span class='ocrx_word' id='word_1_86' title='bbox 1136 1536 1221 1598; x_wconf 91' lang='lat' dir='ltr'>Petri</span> <span class='ocrx_word' id='word_1_87' title='bbox 1245 1546 1278 1598; x_wconf 93' lang='lat' dir='ltr'>et</span> <span class='ocrx_word' id='word_1_88' title='bbox 1294 1535 1381 1597; x_wconf 91' lang='lat' dir='ltr'>Pauli</span> <span class='ocrx_word' id='word_1_89' title='bbox 1399 1535 1623 1628; x_wconf 85' lang='lat' dir='ltr'>apostolorum</span> <span class='ocrx_word' id='word_1_90' title='bbox 1640 1545 1831 1608; x_wconf 89' lang='lat' dir='ltr'>statuerunt,</span> 
     </span>
     <span class='ocr_line' id='line_1_11' title="bbox 276 1643 1832 1727; baseline 0 -21"><span class='ocrx_word' id='word_1_91' title='bbox 276 1645 495 1720; x_wconf 87' lang='lat' dir='ltr'>decernentes,</span> <span class='ocrx_word' id='word_1_92' title='bbox 520 1645 608 1727; x_wconf 91' lang='lat' dir='ltr'>quod</span> <span class='ocrx_word' id='word_1_93' title='bbox 632 1647 658 1707; x_wconf 90' lang='lat' dir='ltr'>si</span> <span class='ocrx_word' id='word_1_94' title='bbox 682 1647 714 1706; x_wconf 91' lang='lat' dir='ltr'>in</span> <span class='ocrx_word' id='word_1_95' title='bbox 738 1656 892 1726; x_wconf 91' lang='lat' dir='ltr'>quantum</span> <span class='ocrx_word' id='word_1_96' title='bbox 917 1646 1020 1708; x_wconf 92' lang='lat' dir='ltr'>dictas</span> <span class='ocrx_word' id='word_1_97' title='bbox 1044 1665 1094 1706; x_wconf 92' lang='lat' dir='ltr'>res</span> <span class='ocrx_word' id='word_1_98' title='bbox 1119 1643 1199 1706; x_wconf 81' lang='lat' dir='ltr'>infra</span> <span class='ocrx_word' id='word_1_99' title='bbox 1223 1645 1395 1705; x_wconf 90' lang='lat' dir='ltr'>terminum</span> <span class='ocrx_word' id='word_1_100' title='bbox 1416 1644 1572 1705; x_wconf 85' lang='lat' dir='ltr'>redimere</span> <span class='ocrx_word' id='word_1_101' title='bbox 1596 1664 1662 1705; x_wconf 90' lang='lat' dir='ltr'>non</span> <span class='ocrx_word' id='word_1_102' title='bbox 1686 1654 1832 1725; x_wconf 87' lang='lat' dir='ltr'>possent,</span> 
     </span>
     <span class='ocr_line' id='line_1_12' title="bbox 277 1749 1830 1831; baseline 0 -19"><span class='ocrx_word' id='word_1_103' title='bbox 277 1762 398 1815; x_wconf 86' lang='lat' dir='ltr'>extunc</span> <span class='ocrx_word' id='word_1_104' title='bbox 420 1752 607 1814; x_wconf 81' lang='lat' dir='ltr'>facultatem</span> <span class='ocrx_word' id='word_1_105' title='bbox 632 1750 852 1814; x_wconf 87' lang='lat' dir='ltr'>omnimodam</span> <span class='ocrx_word' id='word_1_106' title='bbox 880 1749 1049 1814; x_wconf 88' lang='lat' dir='ltr'>habebunt</span> <span class='ocrx_word' id='word_1_107' title='bbox 1072 1751 1202 1813; x_wconf 83' lang='lat' dir='ltr'>easdem</span> <span class='ocrx_word' id='word_1_108' title='bbox 1235 1751 1266 1811; x_wconf 89' lang='lat' dir='ltr'>in</span> <span class='ocrx_word' id='word_1_109' title='bbox 1290 1749 1400 1812; x_wconf 90' lang='lat' dir='ltr'>valore</span> <span class='ocrx_word' id='word_1_110' title='bbox 1424 1751 1632 1831; x_wconf 88' lang='lat' dir='ltr'>pecuniarum</span> <span class='ocrx_word' id='word_1_111' title='bbox 1656 1751 1830 1812; x_wconf 88' lang='lat' dir='ltr'>earundem</span> 
     </span>
     <span class='ocr_line' id='line_1_13' title="bbox 276 1858 737 1922; baseline 0 -2"><span class='ocrx_word' id='word_1_112' title='bbox 276 1858 436 1921; x_wconf 90' lang='lat' dir='ltr'>vendendi</span> <span class='ocrx_word' id='word_1_113' title='bbox 461 1868 494 1921; x_wconf 91' lang='lat' dir='ltr'>et</span> <span class='ocrx_word' id='word_1_114' title='bbox 517 1859 737 1922; x_wconf 89' lang='lat' dir='ltr'>concuciendi.</span> 
     </span>
    </p>
   </div>
   <div class='ocr_carea' id='block_1_3' title="bbox 493 2077 1063 2158">
    <p class='ocr_par' dir='ltr' id='par_1_4' title="bbox 493 2077 1063 2158">
     <span class='ocr_line' id='line_1_14' title="bbox 493 2077 1063 2158; baseline 0 -18"><span class='ocrx_word' id='word_1_115' title='bbox 493 2077 537 2141; x_wconf 87' lang='lat' dir='ltr'>A.</span> <span class='ocrx_word' id='word_1_116' title='bbox 567 2094 666 2158; x_wconf 90' lang='lat'>1433,</span> <span class='ocrx_word' id='word_1_117' title='bbox 685 2078 768 2158; x_wconf 88' lang='lat' dir='ltr'>Junii</span> <span class='ocrx_word' id='word_1_118' title='bbox 794 2095 829 2154; x_wconf 90' lang='lat'>2,</span> <span class='ocrx_word' id='word_1_119' title='bbox 854 2079 886 2140; x_wconf 92' lang='lat' dir='ltr'>in</span> <span class='ocrx_word' id='word_1_120' title='bbox 910 2077 1063 2158; x_wconf 82' lang='lat' dir='ltr'>capitulo,</span> 
     </span>
    </p>
   </div>
   <div class='ocr_carea' id='block_1_4' title="bbox 273 2241 1834 2969">
    <p class='ocr_par' dir='ltr' id='par_1_5' title="bbox 273 2241 1834 2969">
     <span class='ocr_line' id='line_1_15' title="bbox 388 2241 1830 2328; baseline -0.001 -18"><span class='ocrx_word' id='word_1_121' title='bbox 388 2241 472 2310; x_wconf 84' lang='grc'>113.</span> <span class='ocrx_word' id='word_1_122' title='bbox 497 2246 533 2328; x_wconf 91' lang='lat' dir='ltr'>(I.</span> <span class='ocrx_word' id='word_1_123' title='bbox 565 2247 661 2326; x_wconf 88' lang='lat'>104⁰).</span> <span class='ocrx_word' id='word_1_124' title='bbox 697 2245 822 2310; x_wconf 91' lang='lat' dir='ltr'>Item..</span> <span class='ocrx_word' id='word_1_125' title='bbox 846 2265 954 2310; x_wconf 89' lang='lat' dir='ltr'>vener.</span> <span class='ocrx_word' id='word_1_126' title='bbox 978 2245 1033 2307; x_wconf 95' lang='lat' dir='ltr'>dni</span> <span class='ocrx_word' id='word_1_127' title='bbox 1055 2245 1255 2328; x_wconf 86' lang='lat' dir='ltr'>Predvogius</span> <span class='ocrx_word' id='word_1_128' title='bbox 1279 2244 1319 2306; x_wconf 94' lang='lat' dir='ltr'>de</span> <span class='ocrx_word' id='word_1_129' title='bbox 1343 2243 1464 2308; x_wconf 89' lang='lat' dir='ltr'>Grandi</span> <span class='ocrx_word' id='word_1_130' title='bbox 1489 2247 1674 2326; x_wconf 88' lang='lat' dir='ltr'>prepositus</span> <span class='ocrx_word' id='word_1_131' title='bbox 1697 2244 1830 2322; x_wconf 89' lang='lat' dir='ltr'>Gnezn.,</span> 
     </span>
     <span class='ocr_line' id='line_1_16' title="bbox 273 2351 1833 2434; baseline 0.001 -20"><span class='ocrx_word' id='word_1_132' title='bbox 273 2351 436 2432; x_wconf 88' lang='lat' dir='ltr'>Johannes</span> <span class='ocrx_word' id='word_1_133' title='bbox 461 2353 501 2416; x_wconf 91' lang='lat' dir='ltr'>de</span> <span class='ocrx_word' id='word_1_134' title='bbox 532 2353 716 2415; x_wconf 87' lang='lat' dir='ltr'>Drzewicza</span> <span class='ocrx_word' id='word_1_135' title='bbox 747 2354 882 2415; x_wconf 89' lang='lat' dir='ltr'>vicarius</span> <span class='ocrx_word' id='word_1_136' title='bbox 913 2355 944 2414; x_wconf 92' lang='lat' dir='ltr'>in</span> <span class='ocrx_word' id='word_1_137' title='bbox 969 2351 1193 2434; x_wconf 89' lang='lat' dir='ltr'>Spiritualibus</span> <span class='ocrx_word' id='word_1_138' title='bbox 1217 2352 1356 2414; x_wconf 90' lang='lat' dir='ltr'>Poznan.</span> <span class='ocrx_word' id='word_1_139' title='bbox 1381 2373 1507 2434; x_wconf 73' lang='lat' dir='ltr'>gener,</span> <span class='ocrx_word' id='word_1_140' title='bbox 1532 2353 1686 2416; x_wconf 88' lang='lat' dir='ltr'>Nicolaus</span> <span class='ocrx_word' id='word_1_141' title='bbox 1709 2353 1833 2416; x_wconf 91' lang='lat' dir='ltr'>cancel·</span> 
     </span>
     <span class='ocr_line' id='line_1_17' title="bbox 276 2458 1833 2548; baseline 0.003 -28"><span class='ocrx_word' id='word_1_142' title='bbox 276 2458 388 2540; x_wconf 87' lang='lat' dir='ltr'>larius,</span> <span class='ocrx_word' id='word_1_143' title='bbox 413 2459 454 2522; x_wconf 91' lang='lat' dir='ltr'>N.</span> <span class='ocrx_word' id='word_1_144' title='bbox 479 2459 520 2522; x_wconf 94' lang='lat' dir='ltr'>de</span> <span class='ocrx_word' id='word_1_145' title='bbox 544 2458 778 2522; x_wconf 84' lang='lat' dir='ltr'>Glarnboczecz</span> <span class='ocrx_word' id='word_1_146' title='bbox 802 2460 1061 2548; x_wconf 84' lang='lat' dir='ltr'>archidiaconus,</span> <span class='ocrx_word' id='word_1_147' title='bbox 1093 2459 1246 2522; x_wconf 91' lang='lat' dir='ltr'>Nicolaus</span> <span class='ocrx_word' id='word_1_148' title='bbox 1271 2459 1475 2536; x_wconf 87' lang='lat' dir='ltr'>scolasticus,</span> <span class='ocrx_word' id='word_1_149' title='bbox 1501 2459 1624 2522; x_wconf 90' lang='lat' dir='ltr'>Hector</span> <span class='ocrx_word' id='word_1_150' title='bbox 1647 2463 1833 2542; x_wconf 90' lang='lat' dir='ltr'>prepositus</span> 
     </span>
     <span class='ocr_line' id='line_1_18' title="bbox 277 2563 1834 2648; baseline 0.002 -20"><span class='ocrx_word' id='word_1_151' title='bbox 277 2563 533 2640; x_wconf 79' lang='lat' dir='ltr'>GluschinensIS,</span> <span class='ocrx_word' id='word_1_152' title='bbox 563 2565 728 2646; x_wconf 87' lang='lat' dir='ltr'>Johannes</span> <span class='ocrx_word' id='word_1_153' title='bbox 758 2567 900 2628; x_wconf 90' lang='lat' dir='ltr'>Furman</span> <span class='ocrx_word' id='word_1_154' title='bbox 934 2577 967 2629; x_wconf 93' lang='lat' dir='ltr'>et</span> <span class='ocrx_word' id='word_1_155' title='bbox 991 2567 1144 2629; x_wconf 90' lang='lat' dir='ltr'>Nicolaus</span> <span class='ocrx_word' id='word_1_156' title='bbox 1167 2564 1329 2628; x_wconf 74' lang='lat' dir='ltr'>Srzemslri</span> <span class='ocrx_word' id='word_1_157' title='bbox 1353 2567 1467 2648; x_wconf 90' lang='lat' dir='ltr'>prelati</span> <span class='ocrx_word' id='word_1_158' title='bbox 1499 2577 1532 2630; x_wconf 89' lang='lat' dir='ltr'>et</span> <span class='ocrx_word' id='word_1_159' title='bbox 1556 2569 1701 2629; x_wconf 90' lang='lat' dir='ltr'>canonici</span> <span class='ocrx_word' id='word_1_160' title='bbox 1728 2569 1834 2630; x_wconf 90' lang='lat' dir='ltr'>decre·</span> 
     </span>
     <span class='ocr_line' id='line_1_19' title="bbox 276 2672 1833 2756; baseline 0.002 -21"><span class='ocrx_word' id='word_1_161' title='bbox 276 2685 406 2748; x_wconf 89' lang='lat' dir='ltr'>verunt,</span> <span class='ocrx_word' id='word_1_162' title='bbox 431 2673 518 2755; x_wconf 93' lang='lat' dir='ltr'>quod</span> <span class='ocrx_word' id='word_1_163' title='bbox 542 2694 649 2736; x_wconf 86' lang='lat' dir='ltr'>vener.</span> <span class='ocrx_word' id='word_1_164' title='bbox 675 2674 757 2736; x_wconf 91' lang='lat' dir='ltr'>dnus</span> <span class='ocrx_word' id='word_1_165' title='bbox 781 2674 977 2736; x_wconf 92' lang='lat' dir='ltr'>Wladislaus</span> <span class='ocrx_word' id='word_1_166' title='bbox 1001 2675 1041 2736; x_wconf 90' lang='lat' dir='ltr'>de</span> <span class='ocrx_word' id='word_1_167' title='bbox 1058 2672 1249 2754; x_wconf 92' lang='lat' dir='ltr'>Opporowo</span> <span class='ocrx_word' id='word_1_168' title='bbox 1267 2674 1546 2736; x_wconf 85' lang='lat' dir='ltr'>vicecancellarius</span> <span class='ocrx_word' id='word_1_169' title='bbox 1569 2673 1676 2756; x_wconf 82' lang='lat' dir='ltr'>Regni</span> <span class='ocrx_word' id='word_1_170' title='bbox 1700 2676 1833 2756; x_wconf 84' lang='lat' dir='ltr'>recipiet</span> 
     </span>
     <span class='ocr_line' id='line_1_20' title="bbox 277 2779 1832 2863; baseline 0.001 -22"><span class='ocrx_word' id='word_1_171' title='bbox 277 2800 336 2860; x_wconf 94' lang='lat' dir='ltr'>pro</span> <span class='ocrx_word' id='word_1_172' title='bbox 365 2801 399 2842; x_wconf 92' lang='lat' dir='ltr'>se</span> <span class='ocrx_word' id='word_1_173' title='bbox 431 2779 511 2842; x_wconf 86' lang='lat' dir='ltr'>XIV</span> <span class='ocrx_word' id='word_1_174' title='bbox 535 2779 626 2844; x_wconf 92' lang='lat' dir='ltr'>ulnas</span> <span class='ocrx_word' id='word_1_175' title='bbox 659 2782 756 2862; x_wconf 92' lang='lat' dir='ltr'>panni</span> <span class='ocrx_word' id='word_1_176' title='bbox 780 2779 985 2842; x_wconf 89' lang='lat' dir='ltr'>Bruchlensis</span> <span class='ocrx_word' id='word_1_177' title='bbox 1009 2801 1069 2861; x_wconf 92' lang='lat' dir='ltr'>pro</span> <span class='ocrx_word' id='word_1_178' title='bbox 1093 2779 1154 2842; x_wconf 94' lang='lat' dir='ltr'>VII</span> <span class='ocrx_word' id='word_1_179' title='bbox 1179 2783 1294 2842; x_wconf 90' lang='lat' dir='ltr'>marcis</span> <span class='ocrx_word' id='word_1_180' title='bbox 1319 2781 1349 2842; x_wconf 92' lang='lat' dir='ltr'>in</span> <span class='ocrx_word' id='word_1_181' title='bbox 1382 2781 1511 2843; x_wconf 87' lang='lat' dir='ltr'>civitate</span> <span class='ocrx_word' id='word_1_182' title='bbox 1543 2780 1700 2854; x_wconf 83' lang='lat' dir='ltr'>Poznan.,</span> <span class='ocrx_word' id='word_1_183' title='bbox 1736 2802 1832 2863; x_wconf 91' lang='lat' dir='ltr'>quem</span> 
     </span>
     <span class='ocr_line' id='line_1_21' title="bbox 277 2887 1407 2969; baseline 0.002 -21"><span class='ocrx_word' id='word_1_184' title='bbox 277 2907 434 2968; x_wconf 88' lang='lat' dir='ltr'>pannum,</span> <span class='ocrx_word' id='word_1_185' title='bbox 470 2887 651 2969; x_wconf 90' lang='lat' dir='ltr'>ubicunque</span> <span class='ocrx_word' id='word_1_186' title='bbox 683 2887 776 2950; x_wconf 88' lang='lat' dir='ltr'>fuerit</span> <span class='ocrx_word' id='word_1_187' title='bbox 800 2897 965 2968; x_wconf 91' lang='lat' dir='ltr'>receptus,</span> <span class='ocrx_word' id='word_1_188' title='bbox 1001 2907 1037 2950; x_wconf 93' lang='lat' dir='ltr'>se</span> <span class='ocrx_word' id='word_1_189' title='bbox 1060 2887 1212 2950; x_wconf 85' lang='lat' dir='ltr'>dixerunt</span> <span class='ocrx_word' id='word_1_190' title='bbox 1235 2887 1407 2950; x_wconf 82' lang='lat' dir='ltr'>soluturos</span> 
     </span>
    </p>
   </div>
   <div class='ocr_carea' id='block_1_5' title="bbox 492 3106 1082 3188">
    <p class='ocr_par' dir='ltr' id='par_1_6' title="bbox 492 3106 1082 3188">
     <span class='ocr_line' id='line_1_22' title="bbox 492 3106 1082 3188; baseline -0.002 -19"><span class='ocrx_word' id='word_1_191' title='bbox 492 3106 535 3169; x_wconf 91' lang='lat' dir='ltr'>A.</span> <span class='ocrx_word' id='word_1_192' title='bbox 566 3123 664 3187; x_wconf 87' lang='lat'>1433,</span> <span class='ocrx_word' id='word_1_193' title='bbox 683 3107 767 3187; x_wconf 90' lang='lat' dir='ltr'>Junii</span> <span class='ocrx_word' id='word_1_194' title='bbox 792 3122 849 3185; x_wconf 85' lang='lat'>23,</span> <span class='ocrx_word' id='word_1_195' title='bbox 874 3107 906 3168; x_wconf 94' lang='lat' dir='ltr'>in</span> <span class='ocrx_word' id='word_1_196' title='bbox 929 3106 1082 3188; x_wconf 88' lang='lat' dir='ltr'>capitulo.</span> 
     </span>
    </p>
   </div>
   <div class='ocr_carea' id='block_1_6' title="bbox 277 3263 1833 3562">
    <p class='ocr_par' dir='ltr' id='par_1_7' title="bbox 277 3263 1833 3562">
     <span class='ocr_line' id='line_1_23' title="bbox 391 3263 1833 3348; baseline 0 -18"><span class='ocrx_word' id='word_1_197' title='bbox 391 3263 475 3332; x_wconf 85' lang='lat'>114.</span> <span class='ocrx_word' id='word_1_198' title='bbox 500 3267 536 3346; x_wconf 80' lang='grc' dir='ltr'>(Ι.</span> <span class='ocrx_word' id='word_1_199' title='bbox 566 3265 654 3347; x_wconf 80' lang='grc'>1050)</span> <span class='ocrx_word' id='word_1_200' title='bbox 685 3267 766 3330; x_wconf 91' lang='lat' dir='ltr'>Item</span> <span class='ocrx_word' id='word_1_201' title='bbox 790 3267 908 3328; x_wconf 92' lang='lat' dir='ltr'>ibidem</span> <span class='ocrx_word' id='word_1_202' title='bbox 932 3267 1008 3329; x_wconf 93' lang='lat' dir='ltr'>dicti</span> <span class='ocrx_word' id='word_1_203' title='bbox 1032 3267 1086 3328; x_wconf 91' lang='lat' dir='ltr'>dni</span> <span class='ocrx_word' id='word_1_204' title='bbox 1111 3266 1225 3348; x_wconf 89' lang='lat' dir='ltr'>prelati</span> <span class='ocrx_word' id='word_1_205' title='bbox 1250 3278 1282 3329; x_wconf 92' lang='lat' dir='ltr'>et</span> <span class='ocrx_word' id='word_1_206' title='bbox 1306 3267 1452 3328; x_wconf 91' lang='lat' dir='ltr'>canonici</span> <span class='ocrx_word' id='word_1_207' title='bbox 1475 3267 1588 3330; x_wconf 92' lang='lat' dir='ltr'>honor.</span> <span class='ocrx_word' id='word_1_208' title='bbox 1613 3268 1712 3329; x_wconf 93' lang='lat' dir='ltr'>dnum</span> <span class='ocrx_word' id='word_1_209' title='bbox 1737 3267 1833 3330; x_wconf 90' lang='lat' dir='ltr'>Nico-</span> 
     </span>
     <span class='ocr_line' id='line_1_24' title="bbox 277 3373 1831 3456; baseline 0.001 -21"><span class='ocrx_word' id='word_1_210' title='bbox 277 3374 364 3436; x_wconf 90' lang='lat' dir='ltr'>laum</span> <span class='ocrx_word' id='word_1_211' title='bbox 388 3373 584 3437; x_wconf 89' lang='lat' dir='ltr'>Czothczani</span> <span class='ocrx_word' id='word_1_212' title='bbox 608 3395 723 3437; x_wconf 89' lang='lat' dir='ltr'>canon.</span> <span class='ocrx_word' id='word_1_213' title='bbox 747 3373 887 3438; x_wconf 84' lang='lat' dir='ltr'>Poznan.</span> <span class='ocrx_word' id='word_1_214' title='bbox 912 3394 1024 3437; x_wconf 92' lang='lat' dir='ltr'>versus</span> <span class='ocrx_word' id='word_1_215' title='bbox 1049 3375 1182 3455; x_wconf 89' lang='lat' dir='ltr'>opidum</span> <span class='ocrx_word' id='word_1_216' title='bbox 1214 3373 1240 3437; x_wconf 89' lang='lat' dir='ltr'>C</span> <span class='ocrx_word' id='word_1_217' title='bbox 1249 3395 1360 3456; x_wconf 88' lang='lat' dir='ltr'>onyn</span> <span class='ocrx_word' id='word_1_218' title='bbox 1386 3373 1534 3437; x_wconf 78' lang='lat' dir='ltr'>intactis</span> <span class='ocrx_word' id='word_1_219' title='bbox 1560 3375 1691 3454; x_wconf 86' lang='lat' dir='ltr'>capituli</span> <span class='ocrx_word' id='word_1_220' title='bbox 1716 3375 1831 3437; x_wconf 91' lang='lat' dir='ltr'>iturum</span> 
     </span>
     <span class='ocr_line' id='line_1_25' title="bbox 278 3480 1459 3562; baseline 0.001 -20"><span class='ocrx_word' id='word_1_221' title='bbox 278 3481 530 3562; x_wconf 86' lang='lat' dir='ltr'>deputaverunt,</span> <span class='ocrx_word' id='word_1_222' title='bbox 556 3481 607 3542; x_wconf 92' lang='lat' dir='ltr'>cui</span> <span class='ocrx_word' id='word_1_223' title='bbox 631 3501 727 3544; x_wconf 89' lang='lat' dir='ltr'>unam</span> <span class='ocrx_word' id='word_1_224' title='bbox 751 3501 892 3543; x_wconf 92' lang='lat' dir='ltr'>marcam</span> <span class='ocrx_word' id='word_1_225' title='bbox 915 3502 975 3562; x_wconf 92' lang='lat' dir='ltr'>pro</span> <span class='ocrx_word' id='word_1_226' title='bbox 999 3482 1051 3543; x_wconf 88' lang='lat' dir='ltr'>via</span> <span class='ocrx_word' id='word_1_227' title='bbox 1074 3480 1213 3544; x_wconf 87' lang='lat' dir='ltr'>dandam</span> <span class='ocrx_word' id='word_1_228' title='bbox 1239 3481 1459 3544; x_wconf 89' lang='lat' dir='ltr'>decreverunt.</span> 
     </span>
    </p>
   </div>
   <div class='ocr_carea' id='block_1_7' title="bbox 495 3727 1215 3810">
    <p class='ocr_par' dir='ltr' id='par_1_8' title="bbox 495 3727 1215 3810">
     <span class='ocr_line' id='line_1_26' title="bbox 495 3727 1215 3810; baseline 0.003 -20"><span class='ocrx_word' id='word_1_229' title='bbox 495 3727 538 3790; x_wconf 92' lang='lat' dir='ltr'>A.</span> <span class='ocrx_word' id='word_1_230' title='bbox 569 3743 667 3806; x_wconf 83' lang='lat'>1433,</span> <span class='ocrx_word' id='word_1_231' title='bbox 687 3727 759 3807; x_wconf 90' lang='lat' dir='ltr'>Julii</span> <span class='ocrx_word' id='word_1_232' title='bbox 788 3743 817 3801; x_wconf 87' lang='lat'>1,</span> <span class='ocrx_word' id='word_1_233' title='bbox 840 3729 871 3789; x_wconf 93' lang='grc'>111</span> <span class='ocrx_word' id='word_1_234' title='bbox 895 3728 1038 3809; x_wconf 90' lang='lat' dir='ltr'>capitulo</span> <span class='ocrx_word' id='word_1_235' title='bbox 1062 3727 1215 3810; x_wconf 87' lang='lat' dir='ltr'>generali.</span> 
     </span>
    </p>
   </div>
   <div class='ocr_carea' id='block_1_8' title="bbox 275 3885 1870 5682">
    <p class='ocr_par' dir='ltr' id='par_1_9' title="bbox 277 3885 1834 4914">
     <span class='ocr_line' id='line_1_27' title="bbox 390 3885 1833 3970; baseline -0.003 -17"><span class='ocrx_word' id='word_1_236' title='bbox 390 3885 476 3954; x_wconf 84' lang='lat'>115.</span> <span class='ocrx_word' id='word_1_237' title='bbox 501 3887 537 3970; x_wconf 84' lang='lat'>(1.</span> <span class='ocrx_word' id='word_1_238' title='bbox 568 3885 676 3970; x_wconf 90' lang='lat'>107)..</span> <span class='ocrx_word' id='word_1_239' title='bbox 712 3886 833 3950; x_wconf 89' lang='lat' dir='ltr'>Vener.</span> <span class='ocrx_word' id='word_1_240' title='bbox 852 3897 891 3950; x_wconf 88' lang='lat' dir='ltr'>et</span> <span class='ocrx_word' id='word_1_241' title='bbox 914 3885 1030 3950; x_wconf 91' lang='lat' dir='ltr'>honor.</span> <span class='ocrx_word' id='word_1_242' title='bbox 1054 3889 1112 3949; x_wconf 91' lang='lat' dir='ltr'>viri</span> <span class='ocrx_word' id='word_1_243' title='bbox 1136 3887 1233 3950; x_wconf 92' lang='lat' dir='ltr'>dni..</span> <span class='ocrx_word' id='word_1_244' title='bbox 1258 3886 1480 3960; x_wconf 59' lang='lat' dir='ltr'>attendentes</span> <span class='ocrx_word' id='word_1_245' title='bbox 1512 3887 1648 3969; x_wconf 87' lang='lat' dir='ltr'>qualiter</span> <span class='ocrx_word' id='word_1_246' title='bbox 1671 3888 1778 3949; x_wconf 88' lang='lat' dir='ltr'>vicarii</span> <span class='ocrx_word' id='word_1_247' title='bbox 1802 3889 1833 3949; x_wconf 90' lang='lat' dir='ltr'>in</span> 
     </span>
     <span class='ocr_line' id='line_1_28' title="bbox 277 3992 1833 4076; baseline -0.002 -18"><span class='ocrx_word' id='word_1_248' title='bbox 277 3992 501 4075; x_wconf 90' lang='lat' dir='ltr'>Spiritualibus</span> <span class='ocrx_word' id='word_1_249' title='bbox 531 3994 670 4057; x_wconf 85' lang='lat' dir='ltr'>Poznan.</span> <span class='ocrx_word' id='word_1_250' title='bbox 703 3994 871 4076; x_wconf 85' lang='lat' dir='ltr'>generales</span> <span class='ocrx_word' id='word_1_251' title='bbox 904 3995 976 4057; x_wconf 88' lang='lat' dir='ltr'>loca</span> <span class='ocrx_word' id='word_1_252' title='bbox 1006 3993 1140 4071; x_wconf 85' lang='lat' dir='ltr'>alciora,</span> <span class='ocrx_word' id='word_1_253' title='bbox 1176 4014 1271 4075; x_wconf 90' lang='lat' dir='ltr'>quarn</span> <span class='ocrx_word' id='word_1_254' title='bbox 1302 3993 1354 4056; x_wconf 89' lang='lat' dir='ltr'>alii</span> <span class='ocrx_word' id='word_1_255' title='bbox 1382 3993 1497 4074; x_wconf 91' lang='lat' dir='ltr'>prelati</span> <span class='ocrx_word' id='word_1_256' title='bbox 1520 3994 1619 4075; x_wconf 90' lang='lat' dir='ltr'>ipsius</span> <span class='ocrx_word' id='word_1_257' title='bbox 1644 3995 1778 4058; x_wconf 89' lang='lat' dir='ltr'>ecclesie</span> <span class='ocrx_word' id='word_1_258' title='bbox 1802 3995 1833 4056; x_wconf 93' lang='lat' dir='ltr'>in</span> 
     </span>
     <span class='ocr_line' id='line_1_29' title="bbox 278 4101 1831 4184; baseline 0.001 -22"><span class='ocrx_word' id='word_1_259' title='bbox 278 4102 350 4164; x_wconf 93' lang='lat' dir='ltr'>loco</span> <span class='ocrx_word' id='word_1_260' title='bbox 374 4101 541 4182; x_wconf 84' lang='lat' dir='ltr'>capitulari</span> <span class='ocrx_word' id='word_1_261' title='bbox 564 4101 762 4182; x_wconf 90' lang='lat' dir='ltr'>recipiebant</span> <span class='ocrx_word' id='word_1_262' title='bbox 787 4111 819 4163; x_wconf 93' lang='lat' dir='ltr'>et</span> <span class='ocrx_word' id='word_1_263' title='bbox 843 4122 941 4164; x_wconf 87' lang='lat' dir='ltr'>voces</span> <span class='ocrx_word' id='word_1_264' title='bbox 965 4102 1113 4182; x_wconf 90' lang='lat' dir='ltr'>pociores</span> <span class='ocrx_word' id='word_1_265' title='bbox 1138 4102 1220 4165; x_wconf 90' lang='lat' dir='ltr'>inter</span> <span class='ocrx_word' id='word_1_266' title='bbox 1243 4101 1356 4164; x_wconf 87' lang='lat' dir='ltr'>fratres</span> <span class='ocrx_word' id='word_1_267' title='bbox 1380 4101 1439 4163; x_wconf 90' lang='lat' dir='ltr'>sibi</span> <span class='ocrx_word' id='word_1_268' title='bbox 1464 4101 1677 4182; x_wconf 87' lang='lat' dir='ltr'>usurpabant,</span> <span class='ocrx_word' id='word_1_269' title='bbox 1710 4104 1741 4163; x_wconf 91' lang='lat' dir='ltr'>in</span> <span class='ocrx_word' id='word_1_270' title='bbox 1766 4121 1831 4184; x_wconf 90' lang='lat' dir='ltr'>quo</span> 
     </span>
     <span class='ocr_line' id='line_1_30' title="bbox 279 4207 1833 4290; baseline 0 -20"><span class='ocrx_word' id='word_1_271' title='bbox 279 4208 393 4270; x_wconf 87' lang='lat' dir='ltr'>honori</span> <span class='ocrx_word' id='word_1_272' title='bbox 416 4209 612 4289; x_wconf 89' lang='lat' dir='ltr'>prelatorum</span> <span class='ocrx_word' id='word_1_273' title='bbox 637 4207 808 4270; x_wconf 91' lang='lat' dir='ltr'>videbatur</span> <span class='ocrx_word' id='word_1_274' title='bbox 831 4209 996 4290; x_wconf 86' lang='lat' dir='ltr'>derogari,</span> <span class='ocrx_word' id='word_1_275' title='bbox 1019 4210 1211 4272; x_wconf 90' lang='lat' dir='ltr'>tractatibus</span> <span class='ocrx_word' id='word_1_276' title='bbox 1235 4209 1331 4290; x_wconf 87' lang='lat' dir='ltr'>igitur</span> <span class='ocrx_word' id='word_1_277' title='bbox 1354 4209 1394 4270; x_wconf 85' lang='lat' dir='ltr'>de</span> <span class='ocrx_word' id='word_1_278' title='bbox 1419 4209 1583 4289; x_wconf 89' lang='lat' dir='ltr'>premissis</span> <span class='ocrx_word' id='word_1_279' title='bbox 1607 4209 1746 4290; x_wconf 90' lang='lat' dir='ltr'>desuper</span> <span class='ocrx_word' id='word_1_280' title='bbox 1770 4229 1833 4270; x_wconf 93' lang='lat' dir='ltr'>mu-</span> 
     </span>
     <span class='ocr_line' id='line_1_31' title="bbox 278 4315 1833 4397; baseline 0.001 -20"><span class='ocrx_word' id='word_1_281' title='bbox 278 4316 339 4377; x_wconf 90' lang='lat' dir='ltr'>tuis</span> <span class='ocrx_word' id='word_1_282' title='bbox 363 4315 540 4396; x_wconf 90' lang='lat' dir='ltr'>prehabitis</span> <span class='ocrx_word' id='word_1_283' title='bbox 563 4325 746 4378; x_wconf 87' lang='lat' dir='ltr'>statuerunt</span> <span class='ocrx_word' id='word_1_284' title='bbox 771 4317 962 4378; x_wconf 89' lang='lat' dir='ltr'>unanimiter</span> <span class='ocrx_word' id='word_1_285' title='bbox 985 4327 1018 4378; x_wconf 92' lang='lat' dir='ltr'>et</span> <span class='ocrx_word' id='word_1_286' title='bbox 1041 4315 1353 4390; x_wconf 89' lang='lat' dir='ltr'>determinaverunt,</span> <span class='ocrx_word' id='word_1_287' title='bbox 1386 4315 1475 4397; x_wconf 92' lang='lat' dir='ltr'>quod</span> <span class='ocrx_word' id='word_1_288' title='bbox 1499 4317 1682 4397; x_wconf 90' lang='lat' dir='ltr'>quicunque</span> <span class='ocrx_word' id='word_1_289' title='bbox 1705 4326 1738 4378; x_wconf 91' lang='lat' dir='ltr'>et</span> <span class='ocrx_word' id='word_1_290' title='bbox 1758 4337 1833 4396; x_wconf 91' lang='lat' dir='ltr'>quo·</span> 
     </span>
     <span class='ocr_line' id='line_1_32' title="bbox 278 4421 1834 4504; baseline 0.003 -22"><span class='ocrx_word' id='word_1_291' title='bbox 278 4423 493 4503; x_wconf 86' lang='lat' dir='ltr'>cienscunque</span> <span class='ocrx_word' id='word_1_292' title='bbox 524 4422 564 4483; x_wconf 93' lang='lat' dir='ltr'>de</span> <span class='ocrx_word' id='word_1_293' title='bbox 596 4422 721 4502; x_wconf 87' lang='lat' dir='ltr'>gremio</span> <span class='ocrx_word' id='word_1_294' title='bbox 753 4423 889 4485; x_wconf 89' lang='lat' dir='ltr'>ecclesie</span> <span class='ocrx_word' id='word_1_295' title='bbox 920 4443 978 4504; x_wconf 94' lang='lat' dir='ltr'>per</span> <span class='ocrx_word' id='word_1_296' title='bbox 1010 4423 1108 4484; x_wconf 89' lang='lat' dir='ltr'>dnum</span> <span class='ocrx_word' id='word_1_297' title='bbox 1132 4423 1240 4504; x_wconf 90' lang='lat' dir='ltr'>Epum</span> <span class='ocrx_word' id='word_1_298' title='bbox 1264 4421 1360 4485; x_wconf 90' lang='lat' dir='ltr'>Pozn.</span> <span class='ocrx_word' id='word_1_299' title='bbox 1392 4422 1641 4503; x_wconf 88' lang='lat' dir='ltr'>deputabuntur,</span> <span class='ocrx_word' id='word_1_300' title='bbox 1665 4443 1730 4485; x_wconf 89' lang='lat' dir='ltr'>non</span> <span class='ocrx_word' id='word_1_301' title='bbox 1755 4424 1834 4486; x_wconf 84' lang='lat' dir='ltr'>alias</span> 
     </span>
     <span class='ocr_line' id='line_1_33' title="bbox 280 4528 1833 4610; baseline 0.003 -22"><span class='ocrx_word' id='word_1_302' title='bbox 280 4529 340 4591; x_wconf 89' lang='lat' dir='ltr'>nisi</span> <span class='ocrx_word' id='word_1_303' title='bbox 363 4529 453 4592; x_wconf 85' lang='lat' dir='ltr'>iuxta</span> <span class='ocrx_word' id='word_1_304' title='bbox 476 4531 685 4591; x_wconf 86' lang='lat' dir='ltr'>vocacionem</span> <span class='ocrx_word' id='word_1_305' title='bbox 710 4529 854 4610; x_wconf 93' lang='lat' dir='ltr'>ipsorum</span> <span class='ocrx_word' id='word_1_306' title='bbox 877 4529 949 4592; x_wconf 90' lang='lat' dir='ltr'>loca</span> <span class='ocrx_word' id='word_1_307' title='bbox 971 4532 1002 4591; x_wconf 94' lang='lat' dir='ltr'>in</span> <span class='ocrx_word' id='word_1_308' title='bbox 1026 4531 1099 4592; x_wconf 95' lang='lat' dir='ltr'>loco</span> <span class='ocrx_word' id='word_1_309' title='bbox 1123 4531 1290 4610; x_wconf 88' lang='lat' dir='ltr'>capitulari</span> <span class='ocrx_word' id='word_1_310' title='bbox 1314 4540 1347 4593; x_wconf 90' lang='lat' dir='ltr'>et</span> <span class='ocrx_word' id='word_1_311' title='bbox 1370 4531 1464 4593; x_wconf 88' lang='lat' dir='ltr'>stalla</span> <span class='ocrx_word' id='word_1_312' title='bbox 1480 4531 1511 4591; x_wconf 93' lang='lat' dir='ltr'>in</span> <span class='ocrx_word' id='word_1_313' title='bbox 1536 4528 1636 4592; x_wconf 90' lang='lat' dir='ltr'>choro</span> <span class='ocrx_word' id='word_1_314' title='bbox 1660 4530 1701 4592; x_wconf 93' lang='lat' dir='ltr'>de</span> <span class='ocrx_word' id='word_1_315' title='bbox 1724 4540 1833 4592; x_wconf 91' lang='lat' dir='ltr'>cetero</span> 
     </span>
     <span class='ocr_line' id='line_1_34' title="bbox 278 4636 1834 4719; baseline 0.001 -22"><span class='ocrx_word' id='word_1_316' title='bbox 278 4637 432 4717; x_wconf 91' lang='lat' dir='ltr'>recipient</span> <span class='ocrx_word' id='word_1_317' title='bbox 456 4645 489 4699; x_wconf 90' lang='lat' dir='ltr'>et</span> <span class='ocrx_word' id='word_1_318' title='bbox 512 4636 679 4700; x_wconf 91' lang='lat' dir='ltr'>habebunt</span> <span class='ocrx_word' id='word_1_319' title='bbox 703 4647 872 4718; x_wconf 89' lang='lat' dir='ltr'>presentes</span> <span class='ocrx_word' id='word_1_320' title='bbox 896 4647 929 4699; x_wconf 91' lang='lat' dir='ltr'>et</span> <span class='ocrx_word' id='word_1_321' title='bbox 952 4636 1055 4710; x_wconf 84' lang='lat' dir='ltr'>futuri,</span> <span class='ocrx_word' id='word_1_322' title='bbox 1081 4637 1167 4699; x_wconf 90' lang='lat' dir='ltr'>nulla</span> <span class='ocrx_word' id='word_1_323' title='bbox 1184 4638 1390 4719; x_wconf 84' lang='lat' dir='ltr'>prerogativa</span> <span class='ocrx_word' id='word_1_324' title='bbox 1413 4637 1640 4719; x_wconf 89' lang='lat' dir='ltr'>subsequenti,</span> <span class='ocrx_word' id='word_1_325' title='bbox 1664 4637 1733 4699; x_wconf 90' lang='lat' dir='ltr'>aliis</span> <span class='ocrx_word' id='word_1_326' title='bbox 1756 4657 1834 4700; x_wconf 90' lang='lat' dir='ltr'>vero</span> 
     </span>
     <span class='ocr_line' id='line_1_35' title="bbox 278 4741 1833 4825; baseline 0.001 -20"><span class='ocrx_word' id='word_1_327' title='bbox 278 4741 483 4824; x_wconf 85' lang='lat' dir='ltr'>gaudebunt,</span> <span class='ocrx_word' id='word_1_328' title='bbox 508 4745 600 4806; x_wconf 90' lang='lat' dir='ltr'>sicuti</span> <span class='ocrx_word' id='word_1_329' title='bbox 623 4744 676 4806; x_wconf 92' lang='lat' dir='ltr'>alii</span> <span class='ocrx_word' id='word_1_330' title='bbox 704 4764 747 4806; x_wconf 89' lang='lat' dir='ltr'>ex</span> <span class='ocrx_word' id='word_1_331' title='bbox 769 4743 919 4808; x_wconf 82' lang='lat' dir='ltr'>iratribus</span> <span class='ocrx_word' id='word_1_332' title='bbox 942 4754 976 4808; x_wconf 91' lang='lat' dir='ltr'>et</span> <span class='ocrx_word' id='word_1_333' title='bbox 999 4745 1178 4818; x_wconf 90' lang='lat' dir='ltr'>canonicis,</span> <span class='ocrx_word' id='word_1_334' title='bbox 1214 4745 1319 4825; x_wconf 92' lang='lat' dir='ltr'>primo</span> <span class='ocrx_word' id='word_1_335' title='bbox 1350 4753 1474 4806; x_wconf 88' lang='lat' dir='ltr'>statuto</span> <span class='ocrx_word' id='word_1_336' title='bbox 1505 4745 1584 4807; x_wconf 87' lang='lat' dir='ltr'>alias</span> <span class='ocrx_word' id='word_1_337' title='bbox 1612 4744 1744 4807; x_wconf 94' lang='lat' dir='ltr'>condito</span> <span class='ocrx_word' id='word_1_338' title='bbox 1768 4764 1833 4807; x_wconf 91' lang='lat' dir='ltr'>non</span> 
     </span>
     <span class='ocr_line' id='line_1_36' title="bbox 280 4849 444 4914; baseline 0.006 -3"><span class='ocrx_word' id='word_1_339' title='bbox 280 4849 444 4914; x_wconf 89' lang='lat' dir='ltr'>obstante.</span> 
     </span>
    </p>

    <p class='ocr_par' dir='ltr' id='par_1_10' title="bbox 275 4953 1835 5360">
     <span class='ocr_line' id='line_1_37' title="bbox 390 4953 1835 5039; baseline 0.001 -18"><span class='ocrx_word' id='word_1_340' title='bbox 390 4953 474 5023; x_wconf 80' lang='lat'>116.</span> <span class='ocrx_word' id='word_1_341' title='bbox 501 4957 533 5038; x_wconf 91' lang='lat' dir='ltr'>(I.</span> <span class='ocrx_word' id='word_1_342' title='bbox 564 4957 662 5038; x_wconf 90' lang='lat'>107⁰).</span> <span class='ocrx_word' id='word_1_343' title='bbox 698 4957 779 5020; x_wconf 90' lang='lat' dir='ltr'>Item</span> <span class='ocrx_word' id='word_1_344' title='bbox 810 4957 929 5021; x_wconf 92' lang='lat' dir='ltr'>ibidem</span> <span class='ocrx_word' id='word_1_345' title='bbox 957 4959 1127 5039; x_wconf 89' lang='lat' dir='ltr'>prescripti</span> <span class='ocrx_word' id='word_1_346' title='bbox 1159 4957 1213 5020; x_wconf 94' lang='lat' dir='ltr'>dni</span> <span class='ocrx_word' id='word_1_347' title='bbox 1245 4957 1360 5039; x_wconf 90' lang='lat' dir='ltr'>prelati</span> <span class='ocrx_word' id='word_1_348' title='bbox 1384 4968 1417 5021; x_wconf 92' lang='lat' dir='ltr'>et</span> <span class='ocrx_word' id='word_1_349' title='bbox 1448 4960 1593 5022; x_wconf 88' lang='lat' dir='ltr'>canonici</span> <span class='ocrx_word' id='word_1_350' title='bbox 1617 4961 1692 5036; x_wconf 84' lang='lat' dir='ltr'>visis</span> <span class='ocrx_word' id='word_1_351' title='bbox 1715 4959 1835 5023; x_wconf 92' lang='lat' dir='ltr'>iuribus</span> 
     </span>
     <span class='ocr_line' id='line_1_38' title="bbox 277 5065 1833 5147; baseline 0.001 -21"><span class='ocrx_word' id='word_1_352' title='bbox 277 5084 385 5128; x_wconf 91' lang='lat' dir='ltr'>vener.</span> <span class='ocrx_word' id='word_1_353' title='bbox 409 5065 551 5127; x_wconf 91' lang='lat' dir='ltr'>virorum</span> <span class='ocrx_word' id='word_1_354' title='bbox 572 5065 709 5128; x_wconf 92' lang='lat' dir='ltr'>dnorum</span> <span class='ocrx_word' id='word_1_355' title='bbox 733 5065 817 5129; x_wconf 90' lang='lat' dir='ltr'>Petri</span> <span class='ocrx_word' id='word_1_356' title='bbox 848 5066 996 5147; x_wconf 85' lang='lat' dir='ltr'>Hungari</span> <span class='ocrx_word' id='word_1_357' title='bbox 1019 5065 1217 5128; x_wconf 87' lang='lat' dir='ltr'>Srzemensis</span> <span class='ocrx_word' id='word_1_358' title='bbox 1241 5077 1274 5130; x_wconf 91' lang='lat' dir='ltr'>et</span> <span class='ocrx_word' id='word_1_359' title='bbox 1298 5065 1427 5129; x_wconf 86' lang='lat' dir='ltr'>Alberti</span> <span class='ocrx_word' id='word_1_360' title='bbox 1451 5066 1492 5128; x_wconf 91' lang='lat' dir='ltr'>de</span> <span class='ocrx_word' id='word_1_361' title='bbox 1511 5065 1719 5146; x_wconf 89' lang='lat' dir='ltr'>Jaroschewo</span> <span class='ocrx_word' id='word_1_362' title='bbox 1743 5067 1833 5128; x_wconf 89' lang='lat' dir='ltr'>Pcze-</span> 
     </span>
     <span class='ocr_line' id='line_1_39' title="bbox 279 5171 1834 5253; baseline 0.002 -20"><span class='ocrx_word' id='word_1_363' title='bbox 279 5173 396 5235; x_wconf 84' lang='lat' dir='ltr'>wensis</span> <span class='ocrx_word' id='word_1_364' title='bbox 419 5171 727 5244; x_wconf 88' lang='lat' dir='ltr'>archidiaconorum,</span> <span class='ocrx_word' id='word_1_365' title='bbox 751 5174 841 5253; x_wconf 91' lang='lat' dir='ltr'>ipsos</span> <span class='ocrx_word' id='word_1_366' title='bbox 865 5173 948 5236; x_wconf 92' lang='lat' dir='ltr'>dnos</span> <span class='ocrx_word' id='word_1_367' title='bbox 972 5173 1100 5237; x_wconf 88' lang='lat' dir='ltr'>Petrum</span> <span class='ocrx_word' id='word_1_368' title='bbox 1125 5183 1158 5236; x_wconf 90' lang='lat' dir='ltr'>et</span> <span class='ocrx_word' id='word_1_369' title='bbox 1181 5172 1356 5236; x_wconf 89' lang='lat' dir='ltr'>Albertum</span> <span class='ocrx_word' id='word_1_370' title='bbox 1380 5171 1625 5236; x_wconf 88' lang='lat' dir='ltr'>archidiaconos</span> <span class='ocrx_word' id='word_1_371' title='bbox 1648 5175 1732 5236; x_wconf 91' lang='lat' dir='ltr'>circa</span> <span class='ocrx_word' id='word_1_372' title='bbox 1747 5174 1834 5236; x_wconf 93' lang='lat' dir='ltr'>iuris-</span> 
     </span>
     <span class='ocr_line' id='line_1_40' title="bbox 275 5279 919 5360; baseline 0.003 -20"><span class='ocrx_word' id='word_1_373' title='bbox 275 5279 438 5342; x_wconf 92' lang='lat' dir='ltr'>dicciones</span> <span class='ocrx_word' id='word_1_374' title='bbox 462 5280 612 5360; x_wconf 91' lang='lat' dir='ltr'>ipsorum</span> <span class='ocrx_word' id='word_1_375' title='bbox 637 5290 919 5342; x_wconf 87' lang='lat' dir='ltr'>conservaverunt.</span> 
     </span>
    </p>

    <p class='ocr_par' dir='ltr' id='par_1_11' title="bbox 281 5383 1870 5682">
     <span class='ocr_line' id='line_1_41' title="bbox 392 5383 1870 5468; baseline -0.001 -18"><span class='ocrx_word' id='word_1_376' title='bbox 392 5383 478 5451; x_wconf 85' lang='grc'>117.</span> <span class='ocrx_word' id='word_1_377' title='bbox 503 5387 537 5467; x_wconf 93' lang='lat' dir='ltr'>(I.</span> <span class='ocrx_word' id='word_1_378' title='bbox 566 5387 664 5468; x_wconf 88' lang='lat'>107⁰).</span> <span class='ocrx_word' id='word_1_379' title='bbox 693 5385 774 5449; x_wconf 88' lang='lat' dir='ltr'>Item</span> <span class='ocrx_word' id='word_1_380' title='bbox 798 5386 916 5449; x_wconf 92' lang='lat' dir='ltr'>ibidem</span> <span class='ocrx_word' id='word_1_381' title='bbox 940 5386 1112 5448; x_wconf 89' lang='lat' dir='ltr'>memorati</span> <span class='ocrx_word' id='word_1_382' title='bbox 1136 5386 1190 5448; x_wconf 94' lang='lat' dir='ltr'>dni</span> <span class='ocrx_word' id='word_1_383' title='bbox 1212 5386 1329 5466; x_wconf 89' lang='lat' dir='ltr'>prelati</span> <span class='ocrx_word' id='word_1_384' title='bbox 1352 5397 1385 5450; x_wconf 93' lang='lat' dir='ltr'>et</span> <span class='ocrx_word' id='word_1_385' title='bbox 1408 5386 1554 5448; x_wconf 91' lang='lat' dir='ltr'>canonici</span> <span class='ocrx_word' id='word_1_386' title='bbox 1578 5385 1770 5449; x_wconf 89' lang='lat' dir='ltr'>tractatibus</span> <span class='ocrx_word' id='word_1_387' title='bbox 1794 5387 1834 5449; x_wconf 92' lang='lat' dir='ltr'>de</span> <span class='ocrx_word' id='word_1_388' title='bbox 1869 5421 1870 5426; x_wconf 42' lang='lat'>1</span> 
     </span>
     <span class='ocr_line' id='line_1_42' title="bbox 281 5492 1833 5576; baseline 0.002 -22"><span class='ocrx_word' id='word_1_389' title='bbox 281 5493 522 5557; x_wconf 88' lang='lat' dir='ltr'>contribucione</span> <span class='ocrx_word' id='word_1_390' title='bbox 553 5496 760 5576; x_wconf 90' lang='lat' dir='ltr'>pecuniarum</span> <span class='ocrx_word' id='word_1_391' title='bbox 791 5494 879 5556; x_wconf 91' lang='lat' dir='ltr'>Rmo</span> <span class='ocrx_word' id='word_1_392' title='bbox 911 5495 995 5575; x_wconf 89' lang='lat' dir='ltr'>patri</span> <span class='ocrx_word' id='word_1_393' title='bbox 1024 5493 1090 5556; x_wconf 93' lang='lat' dir='ltr'>dno</span> <span class='ocrx_word' id='word_1_394' title='bbox 1121 5493 1284 5557; x_wconf 83' lang='lat' dir='ltr'>Stanislao</span> <span class='ocrx_word' id='word_1_395' title='bbox 1314 5493 1389 5574; x_wconf 87' lang='lat' dir='ltr'>Epo</span> <span class='ocrx_word' id='word_1_396' title='bbox 1420 5492 1560 5556; x_wconf 91' lang='lat' dir='ltr'>Poznan.</span> <span class='ocrx_word' id='word_1_397' title='bbox 1589 5513 1700 5558; x_wconf 90' lang='lat' dir='ltr'>versus</span> <span class='ocrx_word' id='word_1_398' title='bbox 1724 5493 1833 5557; x_wconf 82' lang='lat' dir='ltr'>Sacro</span> 
     </span>
     <span class='ocr_line' id='line_1_43' title="bbox 282 5599 1832 5682; baseline 0.003 -19"><span class='ocrx_word' id='word_1_399' title='bbox 282 5613 426 5664; x_wconf 88' lang='lat' dir='ltr'>sanctum</span> <span class='ocrx_word' id='word_1_400' title='bbox 452 5602 675 5664; x_wconf 90' lang='lat' dir='ltr'>concilium</span> <span class='ocrx_word' id='word_1_401' title='bbox 707 5601 951 5663; x_wconf 88' lang='lat' dir='ltr'>Basiliense</span> <span class='ocrx_word' id='word_1_402' title='bbox 974 5601 1082 5664; x_wconf 89' lang='lat' dir='ltr'>danda</span> <span class='ocrx_word' id='word_1_403' title='bbox 1105 5601 1245 5682; x_wconf 88' lang='lat' dir='ltr'>desuper</span> <span class='ocrx_word' id='word_1_404' title='bbox 1268 5599 1445 5682; x_wconf 88' lang='lat' dir='ltr'>prehabitis</span> <span class='ocrx_word' id='word_1_405' title='bbox 1469 5601 1620 5664; x_wconf 83' lang='lat' dir='ltr'>dixerunt</span> <span class='ocrx_word' id='word_1_406' title='bbox 1643 5602 1832 5666; x_wconf 89' lang='lat' dir='ltr'>concluden-</span> 
     </span>
    </p>
   </div>
   <div class='ocr_carea' id='block_1_9' title="bbox 0 0 2235 6356">
    <p class='ocr_par' dir='ltr' id='par_1_12' title="bbox 0 0 2235 6356">
     <span class='ocr_line' id='line_1_44' title="bbox 0 0 2235 6356; baseline 0 0"><span class='ocrx_word' id='word_1_407' title='bbox 0 0 2235 6356; x_wconf 95' lang='lat' dir='ltr'> </span> 
     </span>
    </p>
   </div>
  </div>
 </body>
</html>
