4458 6356
943 562 1129 619 aunrthss.
1772 591 1817 653 49

426 655 475 662 -n—
483 657 582 662 ---.—
840 659 1196 666 -w——mffl-
1224 659 1815 672 -------—-—--—...-—q-.--—.---—.-.

475 775 518 838 A.
547 778 638 855 1438,
658 776 799 856 Januarii
824 795 875 856 24,
900 779 931 838 in
955 778 1107 859 capitulo.

368 911 453 982 238.
478 917 513 998 (Ι.
536 918 617 998 198).
642 919 683 981 D.
700 919 839 982 Veneris
853 921 936 1000 27(s)
954 920 1089 982 Ianuarii
1105 941 1212 985 vener.
1229 931 1261 984 et
1277 922 1383 986 honor
1396 925 1462 986 .viri
1479 923 1532 986 dni
1546 926 1706 988 Iohannes
1722 927 1817 989 admi·

261 1023 423 1097 nistrator,
447 1023 600 1088 Andreas
624 1026 664 1086 de
689 1025 784 1105 Bnyn
810 1026 932 1089 electus
963 1025 1123 1100 Poznan.,
1148 1027 1288 1092 Mathias
1312 1029 1402 1112 Drya
1427 1032 1583 1104 decanuS,
1606 1031 1760 1096 Nicolaus
1777 1034 1817 1096 de

261 1126 496 1192 Glamboczeez
529 1131 679 1206 Poznan.,
713 1131 873 1196 Iohannes
898 1133 938 1195 de
963 1133 1159 1196 Twardowo
1183 1133 1381 1200 Srzemensis
1404 1139 1628 1213 archidiaconi,
1663 1140 1818 1204 Nicolaus

263 1236 303 1297 de
320 1234 431 1298 Gorka
451 1237 668 1314 cancellarius,
693 1239 847 1303 Nicolaus
871 1239 911 1303 de
935 1239 1162 1322 Nyewyeschs
1187 1253 1307 1318 cantor,
1331 1264 1412 1326 mgr.
1435 1244 1638 1318 Strzeschlco,
1664 1247 1817 1311 Nicolaus

261 1341 476 1424 Czothczany,
500 1344 632 1422 Hector,
656 1346 815 1410 Iaroslaus
838 1347 879 1408 de
903 1345 1107 1422 Cancolewo,
1138 1347 1364 1432 Przedwoglus
1389 1353 1429 1414 de
1455 1351 1583 1426 Grandi,
1615 1354 1751 1416 Iacobus
1776 1355 1816 1417 de

261 1449 478 1532 Wyganowo,
504 1451 655 1515 Andreas
679 1453 719 1515 de
742 1450 909 1528 Sarnowo,
934 1453 1084 1517 Thomas
1108 1454 1148 1516 de
1172 1454 1319 1531 Cosczol,
1342 1457 1504 1522 Iohannes
1528 1460 1678 1534 Furman,
1703 1461 1817 1523 Iohan-

261 1576 318 1620 nes
342 1557 483 1630 Luthko,
514 1558 680 1642 Philippus
711 1559 881 1635 Ceczurad,
914 1560 1030 1624 Petrus
1055 1561 1095 1624 de
1118 1561 1251 1642 Pnyewi
1272 1575 1305 1629 et
1329 1565 1481 1628 Andreas
1506 1567 1546 1628 de
1566 1567 1675 1630 Lithin
1701 1569 1816 1648 prelati

263 1681 295 1734 et
318 1673 507 1736 canonici..
531 1673 644 1739 honor.
668 1677 738 1738 viro
762 1677 827 1738 dno
851 1676 988 1738 Nicolao
1013 1675 1198 1739 Lanthman
1230 1673 1387 1737 canonico
1412 1673 1550 1734 Poznan.
1573 1673 1601 1735 L
1626 1693 1758 1749 marcas,
1784 1675 1815 1736 in

261 1779 378 1860 quibus
400 1780 483 1843 dnus
508 1779 688 1844 Stanislaus
711 1783 803 1863 Epus
829 1783 906 1845 olim
938 1783 1076 1846 Poznan.
1101 1785 1133 1846 111
1156 1784 1223 1846 vita
1247 1803 1304 1846 sua
1327 1780 1545 1862 obligabatur,
1570 1801 1667 1862 super
1698 1781 1815 1844 festum

262 1885 292 1948 b.
317 1885 427 1949 Iacobi
450 1888 593 1968 apostoli
624 1888 758 1970 gloriosi
789 1909 882 1970 prox.
915 1891 1005 1953 iuxta
1033 1891 1157 1954 litteras
1188 1887 1410 1971 inscripcionis
1440 1887 1480 1950 de
1505 1907 1616 1950 mensa
1640 1889 1816 1969 episcopali

264 1991 476 2057 decreverunt
499 1996 743 2076 persolvendas.

366 2114 453 2183 239.
479 2119 581 2202 (Ibid.)
616 2119 698 2182 Item
734 2120 852 2182 ibidem
884 2119 961 2184 dicti
994 2121 1048 2184 dni
1082 2122 1195 2202 prelati
1220 2132 1254 2184 et
1277 2120 1424 2183 canonici
1447 2139 1554 2182 vener.
1578 2119 1654 2182 viris
1677 2119 1749 2182 dnis
1772 2120 1814 2184 N.

260 2223 300 2286 de
323 2221 558 2288 Glamboczeez
592 2227 819 2290 archidiacono
855 2227 994 2292 Poznan.
1019 2238 1052 2291 et
1074 2227 1209 2290 iohanni
1233 2227 1376 2289 Furman
1407 2225 1533 2288 custodi
1565 2224 1687 2289 Gnezn.
1719 2227 1816 2290 XXV

262 2349 387 2394 marcas
424 2353 537 2396 versus
572 2332 599 2396 C
608 2335 824 2396 racoviam
860 2335 891 2396 in
926 2335 1013 2399 lacto
1049 2334 1220 2397 eleccionis
1254 2353 1363 2397 vener.
1397 2333 1451 2394 dni
1485 2331 1619 2394 Andree
1649 2333 1690 2396 de
1720 2333 1815 2414 Bnyn

259 2436 353 2500 electi
377 2438 515 2501 Poznan.
543 2439 655 2523 [ituris]
679 2439 720 2503 de
742 2460 854 2504 mensa
878 2441 1059 2522 episcopali
1083 2441 1207 2504 dandas
1231 2441 1451 2504 decreverunt.

476 2632 519 2696 A.
551 2638 642 2712 1438,
662 2633 803 2714 Januarii
828 2651 878 2713 29,
905 2635 937 2696 in
961 2634 1115 2715 capitulo

369 2769 458 2840 240.
484 2774 519 2857 (I.
550 2775 639 2857 198⁰)
654 2823 680 2838 ..
704 2775 827 2842 Vener.
852 2787 885 2839 et
908 2776 1021 2839 honor.
1046 2776 1100 2838 dni
1124 2775 1287 2838 Iohannes
1303 2775 1343 2838 de
1360 2774 1554 2837 'swardowo
1574 2773 1818 2837 archidiaconus

259 2877 464 2952 Srzemensis,
499 2880 715 2964 Przedvogius
746 2883 787 2945 de
816 2881 937 2945 Grandi
975 2883 1161 2964 prepositus
1193 2880 1324 2956 Gnezn.,
1359 2881 1519 2946 Iaroslaus
1550 2880 1590 2944 de
1614 2879 1818 2956 Cancolewo,

259 2985 413 3048 Nicolaus
436 2985 629 3062 Lanthman,
654 2990 791 3052 lacobus
815 2989 856 3051 de
880 2988 1103 3072 Wyganowo,
1127 3009 1209 3070 mgr.
1227 2988 1422 3054 Strzeschko
1439 2999 1471 3051 et
1488 2987 1649 3050 lohannes
1665 2987 1819 3050 Rakwicz

259 3092 374 3176 prelati
398 3103 431 3158 et
453 3095 600 3158 canonici
624 3097 762 3176 provido
786 3095 924 3160 Nicolao
949 3097 1107 3161 muratori
1130 3116 1191 3178 pro
1225 3095 1453 3178 sepulchro
1489 3095 1543 3157 dni
1573 3093 1637 3176 Epi
1660 3093 1746 3157 sacto
1770 3095 1818 3158 IV

259 3219 383 3264 marcas
406 3221 464 3282 per
487 3201 586 3264 dnum
609 3202 792 3285 Philippum
825 3201 996 3266 Ceczurad
1028 3205 1219 3266 canonicum
1243 3203 1284 3266 de
1307 3203 1382 3266 villa
1407 3202 1580 3264 Kelezewo
1604 3200 1816 3264 decreverunt

261 3305 396 3370 dandas.

372 3496 460 3566 241.
486 3501 519 3582 (I.
549 3503 632 3580 199).
656 3501 738 3566 Item
763 3503 862 3565 nobili
886 3503 996 3566 Iwano
1014 3504 1055 3566 de
1074 3503 1229 3585 Carnyno
1254 3502 1397 3566 fertones
1421 3503 1539 3565 ibidem
1563 3501 1603 3564 de
1626 3501 1674 3564 IV
1697 3503 1816 3565 mansis

259 3627 332 3670 cum
362 3607 485 3683 medio,
520 3609 599 3672 item
622 3609 654 3672 in
678 3607 861 3673 Curanowo
885 3609 926 3673 de
949 3610 997 3673 IV
1021 3611 1156 3684 mansis,
1191 3612 1267 3674 item
1300 3611 1332 3672 in
1356 3609 1530 3672 leszerzice
1554 3607 1595 3670 de
1619 3608 1666 3671 IV
1691 3610 1813 3674 mansis

262 3715 392 3779 racione
415 3716 622 3779 serviciorum
646 3716 783 3781 ecclesie
806 3717 1026 3780 exhibitorum
1051 3715 1219 3782 dederunt.

472 3909 515 3970 A.
545 3911 635 3988 1438,
659 3910 824 3972 Februarii
848 3927 899 3986 21,
927 3911 959 3974 in
982 3911 1138 3992 capitulo.

364 4046 451 4116 242.
478 4050 513 4132 (Ι.
544 4050 643 4131 199⁰).
668 4051 749 4115 Item
774 4052 986 4115 monitorium
1011 4063 1125 4115 contra
1149 4073 1255 4115 vener.
1279 4051 1378 4114 dnum
1403 4051 1618 4132 Predvogium
1640 4050 1680 4114 de
1696 4048 1817 4114 Grandi

260 4158 462 4239 prepositum
486 4155 608 4222 Gnezn.
633 4179 693 4238 pro
717 4157 813 4221 rebus
837 4179 893 4222 seu
917 4157 1082 4222 derelictis
1106 4159 1161 4220 dni
1184 4159 1247 4239 Epi
1271 4159 1311 4221 de
1335 4157 1471 4220 ecclesia
1501 4159 1639 4237 receptis
1663 4156 1743 4218 111112
1768 4157 1815 4218 1Χ

260 4263 327 4328 dies
351 4265 571 4338 decreverunt,
597 4275 631 4328 ut
655 4264 735 4328 infra
759 4265 892 4329 eosdem
916 4265 963 4327 IX
987 4265 1055 4328 dies
1079 4265 1212 4328 eosdem
1243 4267 1391 4328 restituat
1415 4263 1475 4326 sub
1500 4264 1684 4345 privacione
1708 4265 1813 4346 provi·

260 4371 387 4434 sionum
410 4381 444 4436 et
466 4381 651 4436 tenutarum
675 4384 708 4436 et
732 4372 1081 4436 excommunicacionis
1104 4392 1199 4454 pena.

477 4565 520 4628 A.
549 4569 640 4646 1438,
665 4565 832 4629 Februarii
857 4579 907 4646 25,
931 4567 962 4628 in
987 4563 1140 4647 capitulo

371 4702 459 4773 243.
484 4707 519 4788 (l.
545 4709 631 4788 200).
656 4707 737 4772 Item
761 4727 870 4770 vener.
895 4704 977 4770 dnos
1000 4707 1177 4770 iohannem
1201 4706 1228 4768 F
1232 4726 1342 4768 urman
1375 4705 1545 4768 custodem
1570 4703 1692 4767 Gnezn.
1717 4713 1750 4766 et
1773 4701 1814 4768 N.

264 4811 459 4877 Czothczani
483 4813 651 4878 officialem
677 4835 789 4878 versus
814 4814 961 4895 Conyn
993 4815 1033 4877 ad
1065 4814 1402 4876 convencionem
1435 4823 1683 4874 terrestrem
1715 4813 1815 4873 ituros

261 4920 508 5001 deputaverunt,
532 4921 649 5003 quibus
673 4941 733 5002 pro
757 4922 910 5002 expensis
935 4942 993 5003 per
1016 4933 1093 4986 octo
1119 4940 1245 4984 marcas
1269 4920 1391 4982 dandas
1415 4920 1627 4982 decreverunt
1643 4918 1684 4980 de
1700 4938 1812 4982 mensa

260 5027 446 5108 episcopali.

474 5219 519 5284 A.
548 5225 639 5300 1438,
663 5221 829 5284 Februarii
854 5224 904 5300 28,
937 5222 969 5284 in
993 5221 1147 5302 capitulo.

366 5359 454 5428 244.
480 5364 514 5445 (I.
539 5365 625 5446 200).
651 5363 712 5426 1)10
736 5363 873 5427 Veneris
897 5362 1074 5444 penultima
1098 5363 1138 5445 (s)
1157 5363 1323 5426 Februarii
1342 5363 1422 5425 hora
1439 5363 1609 5426 terciarum
1632 5361 1662 5421 in
1680 5361 1819 5424 stubella

259 5470 413 5552 superiori
436 5471 613 5551 episcopali
637 5491 743 5534 vener.
768 5480 801 5533 et
825 5469 937 5532 honor.
962 5470 1038 5532 viris
1069 5469 1141 5532 dnis
1176 5469 1309 5532 Andrea
1335 5470 1375 5531 de
1401 5469 1498 5550 Bnyn
1530 5469 1643 5540 elect0,
1676 5467 1820 5532 Iohanne

262 5577 529 5650 administratore,
553 5577 788 5658 Strzampinski
823 5575 969 5649 doctore,
1003 5576 1140 5638 Nicolao
1165 5586 1307 5652 cantore,
1339 5575 1514 5639 Luthkone
1537 5575 1577 5638 de
1601 5574 1744 5650 Brzesze,
1774 5575 1820 5637 Io·

365 5689 463 5731 uanum.
478 5688 541 5730 mauu
554 5688 668 5731 11111111.
690 5689 749 5731 11111.
1613 5677 1628 5730 t
