4416 6366
420 584 480 662 164
931 585 1024 632 ACTA
1044 583 1206 634 CAPITULI
1225 585 1479 634 POZNANIENSIS

415 676 494 681 ..—...
575 677 626 681 --
643 677 677 682 .—
726 677 858 682 ---..-.-
870 677 1108 683 -ῄ--ῌ-
1134 677 1241 683 —...—-.-
1314 676 1813 684 --—————--——-—--
1826 677 1970 684 ———-

414 798 556 877 ipsorum
587 798 700 876 petivit
724 796 765 857 ad
790 797 980 858 electionem
1006 797 1154 878 procedi;
1180 809 1213 861 et
1238 799 1291 859 dni
1314 817 1476 877 suspenso
1500 797 1616 860 effectu
1640 799 1843 860 contumacie
1867 797 1972 858 decre·

415 913 530 965 verunt
554 904 594 964 ad
618 903 812 966 electionem
837 925 928 965 snam
953 904 1195 984 procedendum
1221 904 1289 967 lore
1313 915 1346 967 et
1370 905 1473 986 ipsam
1498 903 1767 978 continuandam,
1803 915 1900 985 prout
1930 905 1972 966 de

413 1012 479 1072 iure
502 1009 594 1072 fuerit
618 1010 815 1084 faciendum,
840 1023 873 1074 et
898 1023 1126 1090 processernnt
1150 1011 1380 1074 continuando.

631 1205 673 1266 A.
704 1207 801 1282 1498,
825 1205 948 1284 Aprilis
975 1221 1028 1278 21,
1054 1207 1084 1266 in
1109 1205 1253 1286 capitulo
1277 1206 1429 1288 generali.

520 1345 605 1412 888.
630 1347 683 1427 (V.
714 1349 794 1426 156).
819 1345 970 1428 Sequitur
993 1347 1197 1410 continuacio
1209 1347 1383 1411 electionis.
1408 1347 1655 1429 Consequenter
1671 1367 1749 1410 vero
1766 1347 1817 1410 die
1836 1345 1970 1410 Sabbati

413 1455 493 1518 XXI
517 1455 640 1535 Aprilis
665 1453 798 1535 prelatis
822 1455 894 1517 ans
917 1456 958 1516 ad
983 1475 1097 1516 sonum
1119 1475 1277 1534 campane
1293 1456 1561 1518 convenientibus
1580 1465 1612 1518 et
1629 1465 1768 1520 tractare
1784 1455 1969 1517 volentibus

415 1563 455 1625 de
480 1583 619 1642 persona
644 1562 779 1623 ecclesie
796 1582 852 1622 sue
869 1563 1025 1643 eligenda,
1043 1564 1165 1624 interea
1181 1563 1368 1642 supervenit
1385 1573 1417 1626 et
1434 1564 1615 1644 comparuit
1633 1562 1847 1642 personaliter
1863 1581 1969 1622 vener.

414 1670 497 1731 dnus
521 1669 703 1730 Bernardus
727 1669 767 1729 de
792 1667 960 1730 Lubrancz
992 1671 1177 1750 prepositus
1208 1690 1232 1732 s.
1257 1669 1398 1732 Floriani
1422 1680 1499 1731 ante
1522 1667 1713 1732 Cracoviam
1738 1679 1772 1730 et
1795 1669 1970 1730 canonicus

414 1777 552 1838 Poznan.
577 1797 648 1837 cum
675 1776 788 1838 litteris
809 1775 1061 1838 credencialibus
1085 1776 1125 1838 R.
1149 1777 1233 1846 ntis,
1259 1775 1441 1840 affectando
1466 1788 1499 1838 et
1523 1775 1672 1858 rogando
1696 1775 1779 1837 dnos
1803 1773 1970 1844 electores,

414 1895 449 1944 ut
474 1885 505 1944 in
529 1883 588 1944 hac
604 1883 763 1944 electione
781 1903 953 1963 personam
972 1882 1044 1943 Deo
1068 1894 1202 1964 gratam,
1219 1903 1276 1945 sue
1292 1881 1464 1946 Serenitati
1488 1894 1666 1963 acceptam,
1691 1882 1827 1945 ecclesie
1853 1881 1913 1942 Dei
1936 1893 1969 1944 et

414 1991 459 2052 rei
484 1989 611 2070 publice
635 1991 743 2052 utilem
770 1989 925 2070 eligerent
958 2001 990 2052 et
1014 1991 1183 2071 presertim
1216 1991 1385 2052 adiciendo
1417 2003 1449 2053 et
1478 1990 1686 2062 consulendo
1719 2001 1753 2051 ut
1784 2008 1856 2050 cum
1888 2001 1967 2050 voto

414 2119 471 2159 sue
496 2095 561 2158 Stis
585 2097 836 2168 concordarent,
869 2108 902 2158 et
934 2097 1040 2158 Rdum
1071 2108 1196 2177 patrem
1221 2099 1319 2160 dnum
1344 2096 1522 2159 Iohannem
1554 2097 1595 2158 de
1628 2096 1798 2160 Lubrancz
1829 2095 1967 2159 electum

413 2204 637 2266 confirmatum
662 2203 796 2264 ecclesie
820 2203 985 2264 Plocensis
1011 2205 1225 2282 postularent.
1250 2202 1444 2284 Quiquidem
1469 2205 1523 2265 dni
1549 2204 1666 2265 ibidem
1692 2203 1801 2266 statim
1826 2203 1967 2264 unanimi

412 2323 492 2374 voto
517 2323 550 2372 et
574 2311 688 2392 grandi
712 2331 793 2371 voce
817 2310 977 2391 prefatum
1002 2311 1099 2372 dnum
1126 2309 1304 2372 Iohannem
1336 2322 1396 2372 etc.
1422 2313 1626 2391 postularunt
1655 2311 1800 2374 dicentes
1834 2310 1966 2390 »placet

413 2418 528 2500 placet,
553 2419 772 2498 postulamus«
801 2417 959 2478 alacribus
982 2419 1095 2479 animis
1120 2427 1180 2480 etc.
1206 2417 1266 2480 His
1290 2419 1430 2500 peractis
1454 2418 1568 2499 prefati
1585 2417 1639 2479 dni
1656 2429 1815 2480 exeuntes
1839 2417 1967 2478 deloco

412 2525 579 2604 capitulari
604 2534 637 2588 et
660 2525 828 2588 venientes
852 2523 893 2585 ad
917 2525 1017 2586 altare
1042 2525 1153 2594 maius,
1178 2525 1297 2586 ibidem
1321 2523 1464 2604 prefatus
1496 2527 1578 2586 dnus
1602 2525 1763 2588 lohannes
1792 2523 1967 2586 Lukowski

412 2635 553 2694 decanus
578 2644 611 2692 et
634 2632 876 2694 administrator
899 2629 1080 2692 huiusmodi
1105 2632 1364 2711 postulacionem
1389 2633 1475 2694 clero
1493 2643 1526 2694 et
1542 2635 1666 2713 populo
1683 2632 1873 2714 publicavit,
1901 2630 1966 2691 »Te

411 2739 506 2802 deum
531 2737 716 2800 laudamus‹
744 2739 858 2800 cecinit
882 2749 915 2799 et
939 2758 1114 2817 campanas
1140 2739 1267 2818 pulsare
1296 2740 1474 2818 mandavit;
1499 2739 1704 2820 presentibus
1728 2749 1789 2801 etc.

520 2877 607 2944 889.
631 2879 683 2958 (V.
714 2879 783 2960 157)
807 2879 1008 2942 Constitucio
1035 2891 1281 2958 procuratorum
1305 2882 1338 2940 in
1363 2883 1449 2942 curia
1473 2880 1622 2942 Romana
1645 2880 1687 2942 ad
1704 2878 1965 2960 prosequendum

415 2986 673 3068 postulacionem
698 2987 844 3048 dnornm.
870 3023 906 3032 -
936 2986 1062 3048 Deinde
1086 2987 1223 3048 durante
1248 2986 1365 3048 eodem
1382 2989 1525 3067 capitulo
1542 2987 1683 3070 generali
1700 2987 1751 3048 die
1768 2984 1854 3048 SoIIs
1871 2984 1965 3048 XXII

414 3093 535 3174 Aprilis
560 3095 675 3175 prelati
700 3093 753 3155 dni
779 3095 1016 3157 constituerunt
1052 3105 1280 3174 procuratores
1303 3094 1385 3156 duos
1410 3095 1579 3158 Nicolaum
1604 3094 1762 3176 Czeppel‚
1799 3092 1964 3155 Nicolaum

413 3203 609 3282 Bedlensky‚
646 3201 808 3262 Thomam
832 3199 996 3262 Goczalek
1020 3201 1209 3272 canonicos,
1245 3201 1445 3264 Coronatum
1469 3202 1665 3264 advocatum
1688 3211 1722 3263 et
1747 3201 1964 3282 Augustinum

413 3311 454 3372 de
479 3311 630 3390 Pystorio
655 3319 900 3391 procuratorem
936 3329 1103 3370 cansarum
1128 3309 1241 3390 palacii
1266 3308 1438 3389 apostolici
1473 3309 1513 3370 ad
1539 3309 1801 3390 prosequendum
1827 3307 1966 3388 postula·

412 3419 540 3479 cionem
564 3438 655 3479 suam
680 3429 740 3478 etc.
766 3417 795 3476 in
820 3414 923 3476 lorma
958 3413 1094 3491 meliori;
1130 3416 1336 3495 presentibus
1371 3415 1492 3478 ibidem
1529 3417 1672 3478 Iohanne
1705 3415 1746 3478 de
1772 3413 1964 3496 Obornylry,

412 3523 520 3586 Blasio
544 3525 585 3586 de
609 3523 794 3604 Vanglewo
820 3523 954 3584 notariis
978 3521 1122 3602 publicis.

519 3662 605 3728 890.
630 3665 683 3744 (V.
715 3665 797 3744 157⁰)
811 3714 836 3726 ..
863 3663 925 3725 Dni
949 3663 1188 3743 deputaverunt
1206 3685 1313 3726 vener.
1331 3664 1431 3726 dnum
1448 3665 1647 3727 Bernardum
1661 3665 1858 3745 Lubranslry
1874 3683 1963 3724 cano

412 3775 517 3834 nicum
534 3773 680 3842 Poman„
705 3773 857 3833 adiuncto
882 3771 941 3832 sibi
966 3771 1073 3851 aliquo
1099 3791 1141 3833 ex
1165 3771 1236 3833 dnis
1254 3772 1383 3852 prelatis
1400 3772 1451 3834 vel
1468 3773 1631 3834 canonicis
1659 3771 1804 3832 eiusdem
1829 3769 1964 3832 ecclesie

411 3881 547 3942 Poznan.
565 3881 683 3941 ibidem
700 3881 730 3940 ln
749 3881 834 3940 curia
851 3877 889 3940 R.
907 3878 984 3939 Mtis
1008 3877 1058 3940 vel
1084 3879 1157 3939 Rmi
1181 3878 1236 3939 dni
1253 3878 1432 3942 Cardinalis
1450 3890 1510 3941 etc.
1536 3879 1751 3959 presentibus
1775 3899 1871 3958 quem
1895 3879 1964 3956 ipse

411 3987 493 4048 dnus
510 3988 691 4048 Bernardns
705 3987 756 4048 vel
768 4007 851 4066 quos
867 3985 995 4048 duxerit
1014 3987 1227 4048 nominandos
1244 3997 1276 4048 et
1293 3987 1353 4048 sibi
1369 3986 1602 4066 adiungendos
1619 3985 1659 4046 ad
1677 3985 1888 4047 intimandum
1906 3983 1963 4044 sibi

410 4095 476 4155 dno
494 4094 661 4174 postulato
684 4093 865 4154 huiusmodi
891 4093 1149 4172 postulacionem
1175 4114 1265 4154 snam
1290 4105 1322 4156 et
1347 4093 1521 4171 petendum
1539 4103 1572 4154 et
1596 4091 1811 4154 obtinendum
1836 4111 1966 4152 consen-

410 4221 482 4262 sum
507 4201 650 4262 eiusdcm
675 4220 712 4260 ac
736 4201 796 4261 alia
820 4203 904 4260 circa
927 4199 988 4260 hoc
1016 4201 1197 4261 necessaria
1222 4199 1411 4262 faciendum.

623 4392 664 4454 A.
694 4397 792 4470 1498,
817 4393 896 4454 Iunii
922 4409 961 4472 27
977 4394 1011 4474 ¹),
1037 4395 1067 4454 in
1085 4393 1235 4473 capitulo.

518 4533 604 4599 891.
631 4535 684 4616 (V.
715 4538 787 4615 159]
802 4585 827 4597 ..
854 4536 988 4597 Nobiles
1014 4536 1165 4598 Nicolaus
1190 4537 1390 4617 Vangerslri,
1414 4536 1584 4598 Zacharias
1601 4535 1789 4598 Clunowski
1807 4546 1840 4598 et
1857 4535 1965 4596 lohan-

411 4663 468 4704 nes
492 4641 668 4704 Goreczski
693 4642 917 4704 fideiussorunt
942 4664 1001 4724 pro
1026 4644 1124 4704 nobili
1149 4643 1266 4704 Iacobo
1292 4643 1485 4705 Cossuczslri
1510 4643 1695 4705 satisfacere
1718 4643 1902 4706 hominibus
1924 4643 1963 4704 de

411 4749 602 4830 Byenltowo
626 4771 686 4830 pro
711 4770 795 4830 equo
819 4759 851 4811 et
876 4749 1003 4811 damnis
1029 4771 1085 4827 per
1109 4751 1214 4828 ipsum
1246 4749 1401 4811 Iacobum
1433 4761 1566 4831 recepto
1591 4761 1624 4812 et
1647 4751 1744 4812 illatis
1768 4749 1842 4811 hinc
1867 4762 1899 4813 et
1921 4770 1963 4812 re·

410 4858 512 4918 ditum
537 4857 680 4936 ipsorum
706 4857 745 4918 dc
770 4855 947 4927 bellica
972 4855 1304 4938 expedicione.

624 5049 666 5110 A.
696 5051 795 5128 1498,
819 5050 899 5112 Iunii
924 5067 983 5127 29,
1007 5050 1037 5110 in
1063 5049 1214 5129 capitulo

517 5188 603 5256 892.
629 5191 683 5274 (V.
715 5192 839 5275 159⁰)..
863 5191 927 5252 Dni
958 5193 1196 5274 deputaverunt
1231 5191 1314 5254 dnos
1340 5191 1508 5255 Andream
1544 5192 1708 5255 Czeselslri
1736 5205 1769 5255 et
1793 5193 1963 5276 Rysynski

409 5299 451 5360 ad
476 5299 574 5360 dnum
599 5301 805 5380 capitaneum
823 5321 882 5380 pro
899 5320 1019 5380 aggere
1036 5309 1068 5361 et
1084 5299 1125 5360 ad
1150 5299 1487 5379 stipendarios
1511 5320 1570 5380 pro
1595 5301 1768 5362 securitate
1786 5303 1962 5381 oppidano-

411 5427 480 5467 rum
505 5405 568 5487 Epi
593 5417 625 5470 et
649 5407 789 5487 capituli.

516 5617 535 5682 ¹)
554 5619 622 5667 Data
643 5637 663 5666 w
683 5619 827 5685 orygirrale:
852 5620 915 5667 »Die
936 5620 1054 5670 Mercurii
1077 5619 1189 5668 XXVIII
1209 5621 1288 5669 lunii‹
1308 5623 1357 5688 jest
1377 5623 1471 5688 mylna.
