4416 6366
930 553 1020 602 1111111
1040 550 1116 606 1496.
1741 567 1802 631 159

247 645 475 654 nam-n..-
812 644 892 652 ---.--,
919 645 977 651 --...-.
988 645 1071 650 .--—-.
1083 645 1146 650 -.-...
1157 645 1179 651 ...-
1190 645 1197 649 -

244 766 372 848 college
396 765 579 830 nominibus
603 764 679 828 fecit
703 765 897 828 relacionem
922 764 994 826 dnis
1017 765 1165 844 superius
1188 764 1376 845 descriptis,
1402 785 1465 845 que
1491 783 1549 844 per
1571 763 1704 826 eosdem
1730 774 1801 827 acta

243 885 277 938 et
301 873 385 938 facta
409 873 536 937 fuerunt
569 883 602 936 et
625 872 808 946 commissa,
839 893 877 934 ac
909 871 1028 934 ibidem
1059 872 1198 934 restituit
1231 871 1353 934 litteras
1389 880 1422 933 et
1446 871 1613 952 privilegia
1637 871 1668 932 in
1692 870 1801 933 medio

243 981 381 1042 duorum
406 981 484 1062 ipsis
508 1000 569 1062 pro
593 978 765 1042 sinodo
788 979 820 1041 in
845 978 1073 1040 Lancicia
1096 978 1292 1040 celebranda
1317 998 1376 1059 per
1392 977 1476 1038 dnos
1493 998 1552 1058 pro
1569 977 1800 1040 informacione

244 1087 368 1150 meliori
401 1089 493 1150 datas
525 1096 558 1149 et
589 1106 778 1159 concessas,
810 1107 891 1168 quas
921 1086 1043 1148 litteras
1073 1094 1106 1147 et
1130 1085 1296 1166 privilegia
1320 1083 1403 1146 dnus
1429 1083 1581 1146 Andreas
1605 1083 1802 1166 Caeszelslry

244 1205 435 1275 procurator
457 1193 497 1256 de
522 1193 677 1256 mandato
701 1193 838 1255 dnorum
862 1191 903 1254 ad
929 1213 964 1255 se
989 1193 1113 1273 recepit
1136 1191 1327 1264 servandam,
1360 1199 1393 1254 et
1417 1212 1496 1272 quas
1521 1193 1552 1253 in
1576 1190 1718 1253 adventu
1743 1192 1797 1253 dni

244 1302 373 1364 Martini
396 1301 658 1364 vicethezaurarii
681 1301 723 1362 ad
747 1299 933 1362 thezaurum
958 1300 1048 1362 dabit
1071 1301 1237 1362 viceversa
1261 1298 1485 1379 reponendas3
1515 1307 1548 1359 et
1571 1298 1660 1380 quod
1686 1298 1802 1361 domus

243 1409 297 1470 dni
320 1407 488 1490 Stagosky
511 1407 552 1470 de
577 1428 738 1470 consensu
762 1408 906 1470 eiusdem
939 1406 1014 1469 Rdo
1039 1409 1122 1488 patri
1146 1406 1211 1468 dno
1237 1405 1376 1468 Alberto
1401 1405 1430 1466 d.
1455 1427 1485 1486 g.
1511 1405 1584 1486 Epo
1620 1405 1745 1468 Enensi
1769 1414 1802 1467 et

243 1515 447 1598 suffraganeo
472 1514 610 1578 Poznan.
639 1514 854 1598 [assignetur].

457 1743 499 1807 A.
529 1745 628 1825 1496,
653 1741 859 1824 Septembris
887 1757 920 1823 5,
945 1744 977 1806 in
1001 1742 1154 1824 capitulo.

352 1882 439 1951 863.
464 1886 515 1968 (V.
538 1886 634 1967 117⁰).
652 1885 777 1948 Ibidem
793 1886 847 1950 dni
864 1888 1100 1948 constituerunt
1117 1896 1149 1948 et
1166 1886 1373 1948 instituerunt
1389 1905 1498 1947 vener.
1516 1884 1613 1947 dnum
1632 1884 1801 1948 Nicolaum

244 1992 284 2056 de
307 1991 426 2056 Seudla
450 1993 654 2055 decretorum
678 1993 865 2064 doctorem,
899 1992 1159 2055 archidiaconum
1191 1991 1415 2055 Srzemensem
1444 1995 1475 2054 in
1499 1993 1636 2054 ecclesia
1659 1991 1799 2054 Poznan.

244 2101 395 2163 vicarium
419 2101 449 2162 in
474 2098 701 2182 Spiritualibus
725 2111 757 2162 et
782 2100 951 2162 officialem
975 2099 1114 2162 Poznan.
1147 2100 1334 2181 generalem
1365 2101 1396 2160 in
1425 2099 1575 2162 absencia
1599 2099 1718 2162 Rmi..
1743 2100 1797 2162 dni

244 2207 361 2270 Urielis
386 2208 417 2269 d.
442 2229 472 2289 g.
497 2207 559 2288 Epi
584 2207 729 2280 Poznan.,
762 2228 800 2270 ac
833 2208 1025 2270 unanimiter
1056 2207 1224 2288 elegerunt
1255 2217 1443 2270 exactorem
1476 2217 1509 2268 et
1540 2206 1798 2269 contributorem

243 2313 283 2376 R.
307 2314 384 2377 Mtis
407 2315 660 2378 contribucionis
684 2325 717 2376 et
741 2315 925 2376 exaccionis
957 2315 1072 2394 simple
1096 2315 1127 2375 in
1151 2314 1305 2377 sinodo
1330 2313 1596 2394 provinciali
1619 2314 1650 2375 111
1675 2315 1799 2395 oppido

243 2419 442 2484 Lanciciensi
468 2442 570 2502 nuper
593 2420 756 2483 celebrata
779 2423 918 2490 sancite.
944 2421 1072 2483 laudate
1096 2431 1129 2482 et
1152 2419 1286 2482 diffinite
1311 2431 1344 2482 et
1362 2421 1533 2482 terminum
1552 2420 1727 2482 solucionis
1743 2420 1799 2482 hu-

241 2528 380 2590 iusmodi
404 2528 655 2591 contribucionis
672 2528 751 2590 infra
767 2528 841 2590 hinc
858 2538 891 2591 et
909 2527 1025 2591 lestum
1044 2526 1117 2591 00.
1135 2527 1191 2590 SS.
1211 2529 1359 2608 proxime
1383 2537 1554 2588 venturum
1570 2547 1630 2608 pro
1648 2526 1799 2589 omnibus

243 2635 454 2698 dilacionibus
485 2655 523 2698 ac
555 2636 694 2698 termino
726 2637 946 2715 peremptorio
980 2635 1040 2697 sub
1076 2636 1218 2697 censuris
1258 2635 1485 2697 ecclesiasticis
1528 2633 1661 2714 aliisque
1707 2635 1799 2714 penis

243 2741 442 2824 prefixerunt
466 2753 498 2805 et
523 2743 771 2822 assignaverunt
795 2763 832 2804 ac
857 2762 1011 2804 censuras
1044 2742 1280 2804 ecclesiasticas
1309 2753 1422 2803 contra
1447 2739 1584 2802 rebelles
1608 2751 1641 2802 et
1664 2742 1695 2801 in
1720 2741 1802 2802 solu-

243 2849 336 2910 cione
361 2849 566 2931 negligentes
589 2848 666 2912 dare
692 2861 725 2912 et
750 2849 918 2912 fulminare
943 2851 1015 2929 ipso
1041 2849 1126 2911 sacto
1151 2849 1404 2926 mandaverunt;
1428 2847 1634 2929 presentibus
1651 2858 1711 2910 etc.

459 3068 503 3132 A.
534 3072 631 3150 1496,
654 3071 851 3134 Novembris
880 3072 934 3145 18,
960 3071 991 3134 in
1016 3070 1159 3151 capitulo
1182 3069 1336 3151 generali.

350 3207 438 3275 864.
474 3211 530 3292 (V.
560 3211 653 3294 126⁰).
688 3212 813 3275 Ibidem
842 3213 896 3274 dni
920 3211 1151 3284 decreverunt,
1187 3211 1276 3293 quod
1305 3209 1388 3274 dnus
1420 3209 1582 3273 lohannes
1617 3209 1800 3291 Lathalsky

245 3337 364 3400 regens
380 3317 488 3380 villam
504 3318 732 3382 Tworzilrowo
758 3319 873 3382 limitet
898 3329 931 3382 et
947 3319 1042 3382 faciet
1065 3319 1238 3400 granicies;
1263 3327 1296 3380 et
1320 3318 1445 3380 nobiles
1469 3320 1618 3392 citentur,
1642 3329 1677 3380 ut
1702 3313 1800 3404 [1111111-

243 3423 371 3507 thones]
398 3446 462 3486 non
480 3437 640 3508 cogantur
663 3427 703 3488 ad
728 3435 853 3489 tantum
878 3427 1024 3488 laborem
1048 3427 1131 3489 ultra
1155 3427 1225 3488 ius
1260 3433 1518 3498 terrestre,
1554 3435 1587 3488 et
1618 3426 1658 3487 de
1688 3437 1799 3487 cetero

241 3552 307 3594 non
333 3542 446 3595 natent
477 3544 605 3614 struges
630 3533 798 3608 roborum,
834 3533 939 3596 donec
963 3553 1080 3615 regens
1116 3533 1258 3594 manebit
1289 3533 1373 3593 circa
1406 3531 1583 3604 ecclesiam,
1619 3531 1678 3593 sub
1712 3551 1797 3612 pena

242 3640 337 3700 trium
354 3658 533 3701 marcarum
557 3639 631 3702 hinc
655 3649 689 3702 et
713 3640 830 3703 festum
855 3641 885 3702 b.
909 3640 995 3702 Petri
1019 3649 1052 3702 et
1076 3639 1164 3701 Pauli
1187 3639 1326 3722 apostol.
1351 3641 1500 3720 proxime
1524 3649 1706 3703 venturum.

350 3776 436 3844 865.
461 3779 516 3862 (V.
547 3781 626 3862 127).
661 3781 786 3844 Ibidem
821 3781 904 3844 dnus
939 3797 1055 3862 regens
1090 3781 1199 3842 villam
1234 3777 1416 3843 Gluchowo
1452 3778 1547 3842 faciet
1581 3779 1740 3860 granicies
1764 3790 1798 3842 et

241 3884 437 3950 kmethones
470 3907 535 3948 non
563 3899 723 3970 cogantur
758 3888 905 3950 laborare
938 3889 1022 3949 circa
1056 3886 1278 3948 molendinum
1309 3888 1341 3947 in
1374 3885 1596 3949 Posczukowo
1619 3904 1679 3947 nec
1702 3896 1796 3949 extra

241 3991 351 4056 villam
375 4013 474 4068 suam,
500 4014 565 4055 non
589 4005 749 4076 cogantur
771 3993 957 4057 falcastrare
979 3994 1039 4056 uisi
1062 3994 1271 4056 medietatem
1296 4003 1471 4073 pratorum,
1497 4003 1531 4055 et
1553 3993 1673 4054 curiam
1694 4002 1799 4055 totam

242 4100 404 4162 ruinosam
428 4099 591 4163 reedificet
611 4111 644 4163 et
667 4101 708 4163 de
730 4122 816 4164 novo
839 4101 946 4164 facere
972 4111 1124 4181 procuret
1148 4102 1209 4163 sub
1233 4120 1319 4182 pena
1343 4101 1438 4162 trIum
1462 4119 1642 4162 marcarum
1665 4099 1739 4162 hinc
1764 4109 1797 4163 et

241 4204 359 4269 festum
383 4207 414 4269 b.
438 4206 523 4270 Petri
546 4217 579 4270 et
602 4207 690 4270 Pauli
713 4208 856 4288 apostol.
880 4209 1029 4289 proxime
1052 4217 1234 4271 venturum.

456 4425 498 4488 A.
529 4428 627 4506 1496,
651 4427 848 4492 Novembris
874 4443 924 4504 22,
949 4428 980 4489 in
1004 4427 1148 4508 capitulo
1172 4427 1325 4509 generali.

350 4563 437 4632 866.
462 4567 515 4650 (V.
545 4569 638 4652 128⁰).
669 4569 751 4632 Item
775 4569 858 4632 dnus
881 4589 999 4651 regens
1024 4569 1131 4630 villam
1156 4568 1391 4648 Thanyeboras
1415 4567 1511 4631 faciat
1534 4567 1651 4632 limites
1675 4577 1708 4630 et
1732 4589 1799 4630 sco-

243 4674 339 4755 pulos
363 4694 436 4756 cum
461 4675 615 4738 limitibus
638 4676 784 4738 villarum
808 4676 924 4756 Bylino
949 4685 983 4738 et
1007 4673 1212 4740 Gowaczevo
1237 4686 1269 4738 et
1286 4674 1510 4756 Comornyky,
1536 4687 1568 4737 et
1585 4676 1697 4738 citabit
1713 4675 1797 4737 dnos

241 4781 281 4843 de
307 4781 576 4862 Wydzerzevicze
600 4781 674 4844 hinc
698 4793 732 4846 et
755 4781 951 4845 dominicam
968 4782 1136 4846 Invocavit
1161 4785 1192 4844 in
1216 4785 1265 4844 ius
1289 4793 1441 4845 terrestre
1465 4802 1562 4863 super
1586 4783 1793 4859 limitacione;

241 4887 458 4972 [kmethones]
484 4911 548 4951 uon
565 4899 724 4972 cogantur
740 4889 886 4952 laborare
908 4891 939 4952 in
955 4890 1025 4952 aliis
1040 4889 1124 4952 villis
1140 4889 1299 4952 duntaxat
1316 4889 1347 4951 in
1364 4891 1511 4971 propria,
1536 4889 1595 4951 nisi
1619 4889 1660 4950 de
1685 4909 1797 4952 eorum

239 4995 409 5059 voluntate
432 4997 492 5058 sub
523 5017 608 5078 pena
639 4997 736 5060 trium
768 5016 946 5059 marcarum
978 4997 1052 5060 hinc
1085 5007 1118 5061 et
1149 4996 1268 5059 festum
1299 4995 1329 5058 b.
1357 4995 1442 5059 Petri
1474 5007 1507 5060 et
1538 4996 1627 5059 Pauli
1657 4996 1800 5078 apostol.

240 5105 391 5184 proxime
413 5113 593 5168 venturum.

350 5241 436 5310 867.
460 5245 561 5329 (Ibid.)
584 5245 665 5309 Item
689 5247 772 5309 dnus
795 5267 912 5328 regens
937 5245 1174 5328 Urnyeschevo
1198 5244 1306 5307 solvat
1322 5243 1363 5308 de
1379 5245 1466 5327 agris
1483 5245 1678 5326 appreciatis
1694 5243 1798 5307 deser·

240 5353 284 5416 tis
308 5351 448 5415 dominis
471 5373 604 5416 censum
630 5363 663 5416 et
686 5374 753 5416 non
775 5364 874 5436 cogat
898 5353 1094 5416 kmethones
1125 5373 1220 5428 suOS,
1250 5351 1340 5431 quod
1373 5361 1513 5424 metant,
1546 5371 1628 5434 quos
1660 5351 1796 5414 colonus

240 5459 328 5534 colii,
353 5460 511 5523 duntaxat
534 5481 618 5542 quos
635 5481 733 5544 agros
757 5461 818 5524 soli
842 5460 1037 5524 kmethones
1060 5469 1153 5522 arant
1177 5469 1209 5522 et
1233 5459 1358 5532 colunt,
1382 5469 1415 5521 et
1439 5459 1522 5521 ultra
1546 5478 1614 5520 non
1637 5468 1798 5540 cogantur

237 5565 279 5632 ad
303 5565 531 5650 impossibilia3
561 5569 639 5631 item
671 5577 775 5632 totam
808 5568 927 5630 curiam
961 5569 1124 5630 ruinosam
1155 5576 1188 5630 et
1220 5567 1353 5630 domum
1384 5566 1437 5628 dni
1467 5568 1611 5651 regentis
1635 5565 1798 5632 reedificet
