4416 6366
832 636 1011 688 ANNORUM
1032 635 1215 692 taut-1462.

246 731 305 740 ι...-
325 729 834 738 --ῄ-μ--ῇ--η--ὴ-α--ο-
848 731 859 735 .-

1737 659 1797 744 ΙΟΖ

1211 733 1767 744 ..--ι·-ωο-·-η---α--.--..-,-.-,,-.---

246 873 329 934 mgr.
354 852 509 914 Nicolaus
533 852 573 914 de
597 850 736 926 Costen,
761 851 967 914 Bernhardus
991 863 1024 916 et
1047 851 1208 916 lohannes
1232 854 1272 916 de
1296 854 1441 936 Popowo
1466 855 1581 935 prelati
1605 866 1638 919 et
1654 858 1800 920 canonici

246 961 331 1024 dicte
356 959 490 1022 ecclesie
513 958 780 1022 Poznaniensis..
812 959 953 1040 receptis
985 959 1016 1021 in
1048 971 1194 1024 mutuum
1223 961 1255 1024 X
1280 962 1394 1024 marcis
1419 963 1555 1042 pecunie
1578 964 1665 1045 apud
1688 985 1797 1028 vener.

247 1069 344 1130 dnum
362 1067 472 1129 Adam
489 1067 654 1138 decanum,
678 1066 744 1129 dno
769 1067 878 1148 Regi
901 1068 942 1130 ad
959 1068 1118 1130 instantes
1134 1069 1201 1130 eius
1218 1071 1398 1149 peticiones
1415 1091 1473 1150 per
1488 1089 1683 1152 generosum
1700 1073 1799 1135 dnum

246 1175 414 1237 Andream
439 1173 541 1238 Scora
565 1174 605 1236 de
629 1172 702 1255 Gay
734 1185 767 1238 et
791 1174 961 1238 ultimatim
994 1195 1052 1256 per
1083 1195 1191 1237 vener.
1224 1176 1321 1238 dnum
1354 1177 1563 1240 Vincentium
1594 1177 1799 1258 Kyelbassza

245 1281 286 1344 R.
310 1282 388 1344 Mtis
412 1283 618 1346 secretarium
641 1281 844 1344 donaverunt
868 1283 1016 1354 easdem,
1042 1283 1255 1364 quasquidem
1278 1283 1310 1346 X
1334 1303 1459 1347 marcas
1482 1285 1567 1348 idem
1588 1285 1671 1348 dnus
1687 1285 1797 1348 Adam

246 1389 278 1450 in
302 1388 513 1470 pensionibus
537 1387 683 1452 villarum
707 1408 836 1452 suarum
860 1388 921 1452 sibi
945 1387 1128 1454 defalcabit.

452 1618 496 1681 A.
524 1621 623 1698 1461,
648 1617 843 1682 Novembris
872 1635 925 1692 12,
950 1619 982 1680 in
1006 1617 1149 1698 capitulo
1174 1620 1325 1702 generali.

353 1757 439 1826 552.
465 1760 525 1840 (ΙΙΙ.
556 1762 591 1838 1).
616 1761 739 1823 Ibidem
763 1760 816 1822 dni
842 1761 957 1842 prefati
980 1771 1119 1842 quatuor
1141 1762 1418 1842 appellacionibus
1443 1762 1579 1825 duorum
1600 1763 1800 1826 administra·

244 1869 323 1932 toris
348 1879 380 1930 et
404 1868 533 1950 capituli
558 1868 694 1931 ecclesie
717 1867 807 1931 Crac.
832 1887 904 1930 cum
930 1870 1188 1949 protestacione,
1222 1870 1309 1950 quod
1342 1881 1516 1952 propterea
1548 1891 1614 1933 non
1642 1870 1799 1934 recedunt

244 1976 285 2038 ab
310 1976 561 2038 obediencia
585 1974 678 2038 Sedis
702 1975 883 2056 apostolice
900 1986 933 2038 et
949 1975 1085 2038 ecclesia
1102 1976 1260 2052 Romana,
1278 1978 1470 2040 unanimiter
1491 1977 1696 2054 adheserunt,
1722 1998 1797 2040 con·

245 2081 414 2146 formando
438 2103 473 2144 se
497 2103 595 2164 super
618 2083 800 2145 huiusmodi
831 2081 1007 2146 adhesione
1038 2083 1168 2146 Rmo..
1201 2083 1266 2145 dno
1298 2083 1473 2146 Iohanni..
1507 2081 1630 2147 Gnezn.
1664 2085 1799 2148 ecclesie

244 2189 396 2270 archiepo
411 2236 440 2252 ..
465 2200 499 2254 et
522 2211 582 2252 suo
606 2189 749 2271 capitulo
763 2240 770 2253 .
786 2240 792 2253 .

458 2419 501 2483 A.
533 2421 630 2498 1462,
656 2419 822 2483 Februarii
848 2434 874 2500 5,
898 2421 929 2482 in
954 2419 1106 2500 capitulo

353 2557 438 2626 553.
464 2562 528 2643 (ΙΠ.
553 2563 596 2642 6).
622 2563 805 2644 Deputacio
827 2563 868 2626 ad
893 2563 1045 2626 sinodum
1069 2561 1309 2642 provincialem.
1333 2598 1377 2608 -
1401 2561 1462 2624 Die
1486 2562 1668 2626 Veneris..
1693 2563 1796 2626 Rmus

244 2679 340 2749 pater
363 2669 461 2731 dnum
486 2668 637 2732 Andreas
661 2671 752 2752 Epus
776 2670 914 2742 Poznan,
943 2691 1069 2732 necnon
1102 2689 1210 2732 vener.
1243 2669 1297 2731 dni
1328 2668 1481 2732 Nicolaus
1512 2669 1553 2732 de
1581 2667 1798 2733 Glambocecz

244 2776 499 2848 archidiaconus,
523 2777 678 2840 Nicotaus
701 2789 825 2852 custos,
849 2777 986 2840 lacobus
1010 2777 1214 2850 scolasticus,
1238 2775 1434 2838 Vincencius
1450 2775 1693 2839 archidiaconus
1708 2777 1798 2839 Pcze-

244 2885 378 2960 wensis,
402 2882 569 2964 Clemens,
593 2884 747 2956 Mathias,
773 2885 934 2947 Iohannes
957 2883 1204 2964 Twardowslry‚
1229 2882 1405 2962 Wyscota,
1436 2881 1664 2966 SandivogiuS,
1697 2883 1798 2947 Stani-

244 2990 330 3052 slaus
354 2991 394 3052 de
411 2990 671 3071 Dobyeschewo,
696 3013 778 3074 mgr.
804 2993 958 3056 Nicolaus
982 2991 1117 3064 Costen,
1141 2990 1335 3063 Bernardus,
1360 2989 1517 3054 Albertus
1540 2989 1648 3062 Scora,
1675 2991 1799 3053 Hector

244 3110 276 3159 et
300 3097 461 3162 lohannes
485 3099 525 3160 de
553 3097 699 3179 Popowo
724 3099 837 3180 prelati
861 3111 894 3163 et
918 3100 1064 3161 canonici
1084 3099 1262 3160 ecclesie..
1280 3117 1388 3160 vener.
1406 3096 1488 3160 dnos
1504 3095 1614 3159 Adam
1631 3099 1797 3170 decanum,

243 3205 413 3270 Nicolaum
437 3207 623 3282 custodem,
648 3205 804 3269 Mathiam
828 3207 868 3268 de
892 3207 1007 3269 minori
1032 3205 1192 3268 Croznino
1218 3213 1251 3267 et
1275 3203 1470 3267 Stanislaum
1488 3203 1528 3266 de
1544 3203 1797 3286 Dobyeschewo

243 3313 284 3374 ad
307 3315 645 3376 convencionem
670 3314 700 3375 in
726 3314 841 3377 Calis
874 3335 934 3394 pro
958 3314 1118 3376 dominica
1145 3311 1366 3374 Reminiscere
1390 3331 1448 3392 per
1471 3311 1571 3373 dnum
1595 3311 1796 3393 Archiepum

243 3439 314 3481 cum
340 3419 427 3484 clero
451 3421 550 3502 ipsius
573 3421 800 3485 celebrandam
826 3421 927 3484 ituros
951 3421 1204 3502 deputaverunt,
1221 3419 1351 3481 cuilibet
1368 3419 1494 3481 illorum
1515 3439 1573 3502 per
1588 3428 1655 3483 tres
1672 3440 1798 3484 marcas

243 3527 366 3590 dandas
390 3527 612 3592 decreverunt.

457 3757 499 3820 A.
529 3759 627 3836 1462,
651 3757 731 3820 Iunii
761 3775 806 3830 10,
831 3757 863 3820 in
886 3757 1039 3840 capitulo.

352 3897 440 3966 554.
465 3899 529 3979 (ΙΙΙ.
554 3901 602 3980 9⁰)
616 3950 644 3963 ..
669 3900 788 3964 Vener.
808 3913 918 3982 patres
934 3913 967 3964 et
984 3901 1038 3964 dni
1055 3901 1208 3962 Nicolaus
1224 3899 1484 3970 archidiaconus,
1508 3897 1662 3962 Nicolaus
1684 3909 1796 3961 custos

242 4007 379 4075 Iacobus
403 4008 609 4088 scolasticuS,
640 4007 836 4070 Vincencius
864 4009 1084 4078 cancellarius,
1117 4007 1286 4080 Clemens,
1317 4005 1472 4074 lllathias,
1504 4005 1666 4067 Iohannes
1689 4004 1797 4067 Twar·

243 4114 390 4196 dowsky,
414 4113 576 4176 Iohannes
600 4114 792 4195 Wysscote,
816 4113 1049 4196 Sandivogius,
1073 4113 1251 4178 Stanislaus
1272 4114 1312 4175 de
1330 4111 1592 4192 Dobyeschewo,
1616 4109 1796 4174 Stanislaus

243 4221 284 4281 de
301 4219 495 4294 Pleschewo,
513 4219 691 4303 Gregorius
706 4221 886 4303 Skoczsky,
903 4223 1040 4284 lacobus
1058 4220 1189 4294 Kooth,
1207 4221 1427 4294 Bernhardus,
1445 4219 1569 4282 Hector
1585 4229 1618 4282 et
1635 4218 1796 4280 Iohannes

243 4328 284 4389 de
312 4327 456 4410 Popowo
489 4329 602 4409 prelati
633 4340 666 4392 et
698 4329 845 4390 canonici
876 4329 1012 4392 ecclesie
1046 4327 1316 4391 PoznaniensiS..
1351 4328 1585 4390 mandaverunt
1620 4327 1697 4388 dare
1728 4325 1795 4387 dno

242 4435 304 4496 Re
317 4436 358 4515 gi
382 4435 422 4497 de
446 4437 580 4500 retentis
603 4437 753 4500 censibus
776 4437 851 4498 anni
875 4437 1033 4499 currentis
1056 4436 1087 4498 X
1111 4455 1236 4498 marcas
1258 4436 1393 4515 pecunie
1409 4455 1468 4516 per
1484 4435 1583 4497 dnum
1599 4433 1796 4496 Stanislaum

242 4542 284 4604 de
307 4541 558 4623 Dobyeschewo
583 4555 827 4626 procuratorem
851 4545 992 4625 capituli.

455 4772 499 4834 A.
529 4774 628 4855 1462,
651 4773 730 4836 Iunii
755 4791 805 4853 30,
829 4774 861 4836 in
886 4773 1029 4858 capitulo
1053 4771 1204 4855 generali.

350 4911 438 4978 555.
475 4913 539 4994 (ΙΙΙ.
571 4915 630 4993 11).
666 4915 788 4976 Ibidem
820 4916 874 4978 dni
905 4915 1132 4986 decreverunt,
1168 4913 1255 4994 quod
1286 4923 1354 4976 tarn
1388 4911 1585 4975 kmethones
1619 4923 1794 4993 pascentes

242 5041 377 5103 gregem
403 5041 519 5102 perse
544 5021 728 5095 Wolowka,
758 5043 853 5103 quam
879 5023 980 5084 eciam
1005 5035 1117 5102 pastor
1140 5023 1249 5104 gregis
1274 5020 1455 5083 communis
1483 5019 1573 5091 ville,
1607 5019 1638 5080 in
1662 5040 1725 5100 qua
1749 5039 1797 5081 ec-

241 5129 338 5190 clesia
362 5139 412 5189 est
437 5129 644 5208 parochialis,
670 5129 811 5208 plebano
835 5131 960 5210 absque
983 5129 1111 5210 aliquali
1135 5129 1271 5190 dacione
1303 5139 1334 5189 et
1360 5126 1603 5188 contribucione
1627 5146 1686 5207 per
1708 5125 1796 5188 kme-

241 5235 360 5298 thones
376 5235 456 5296 solvi
474 5247 630 5298 consueta
647 5237 774 5318 singula
792 5257 909 5315 pecora
929 5247 962 5298 et
979 5235 1136 5316 pecudes,
1161 5245 1448 5316 quantumcunque
1472 5233 1636 5306 habuerit,
1660 5253 1796 5314 pascere

241 5342 438 5405 tenebuntur
462 5355 494 5404 et
518 5342 699 5412 debebunt,
722 5344 765 5405 ita
788 5354 912 5414 tamen,
938 5343 1025 5426 quod
1050 5341 1209 5424 plebanus
1233 5363 1251 5404 a
1276 5351 1408 5422 pastore
1431 5342 1611 5402 communis
1636 5340 1746 5422 gregis
1762 5350 1795 5404 et

241 5450 342 5530 ipsius
367 5449 483 5510 familia
507 5448 603 5510 nichil
625 5450 699 5511 iuris
725 5449 915 5529 parochialis
939 5451 1086 5530 recipiat,
1112 5448 1169 5510 sed
1194 5449 1224 5510 in
1242 5448 1550 5528 recompensacione
1567 5447 1794 5510 vicissitudinis

241 5567 277 5619 ut
300 5555 573 5638 quemadmodum
598 5555 756 5635 plebanus
780 5557 810 5617 in
836 5557 1052 5618 ministrandis
1076 5557 1190 5618 divinis
1213 5556 1317 5617 eidem
1341 5556 1439 5617 servit
1464 5555 1603 5635 pastori,
1628 5555 1671 5617 ita
1692 5564 1725 5616 et
1741 5553 1794 5616 ille

240 5663 302 5728 sibi
325 5664 357 5728 in
382 5663 578 5728 secularibus
602 5663 728 5726 serviat.
