<?xml version="1.0" encoding="UTF-8"?>
<!DOCTYPE html PUBLIC "-//W3C//DTD XHTML 1.0 Transitional//EN"
    "http://www.w3.org/TR/xhtml1/DTD/xhtml1-transitional.dtd">
<html xmlns="http://www.w3.org/1999/xhtml" xml:lang="en" lang="en">
 <head>
  <title>
</title>
<meta http-equiv="Content-Type" content="text/html;charset=utf-8" />
  <meta name='ocr-system' content='tesseract 3.04.00' />
  <meta name='ocr-capabilities' content='ocr_page ocr_carea ocr_par ocr_line ocrx_word'/>
</head>
<body>
  <div class='ocr_page' id='page_1' title='image "actacapitulorum00czubgoog_0161.png"; bbox 0 0 4416 6366; ppageno 0'>
   <div class='ocr_carea' id='block_1_1' title="bbox 814 611 1783 697">
    <p class='ocr_par' dir='ltr' id='par_1_1' title="bbox 814 611 1783 697">
     <span class='ocr_line' id='line_1_1' title="bbox 814 611 1783 697; baseline 0.002 -33"><span class='ocrx_word' id='word_1_1' title='bbox 814 613 993 666; x_wconf 76' lang='lat' dir='ltr'><strong>nunoaun</strong></span> <span class='ocrx_word' id='word_1_2' title='bbox 1015 611 1199 666; x_wconf 71' lang='lat' dir='ltr'><strong>rasa-rans.</strong></span> <span class='ocrx_word' id='word_1_3' title='bbox 1727 631 1783 697; x_wconf 83' lang='lat'><strong>¹43</strong></span> 
     </span>
    </p>
   </div>
   <div class='ocr_carea' id='block_1_2' title="bbox 227 827 1784 1016">
    <p class='ocr_par' dir='ltr' id='par_1_2' title="bbox 227 827 1784 1016">
     <span class='ocr_line' id='line_1_2' title="bbox 227 827 1784 912; baseline 0.002 -22"><span class='ocrx_word' id='word_1_4' title='bbox 227 827 499 890; x_wconf 88' lang='lat' dir='ltr'><strong>executorialibus</strong></span> <span class='ocrx_word' id='word_1_5' title='bbox 523 839 556 891; x_wconf 90' lang='lat' dir='ltr'><strong>et</strong></span> <span class='ocrx_word' id='word_1_6' title='bbox 580 828 701 891; x_wconf 90' lang='lat' dir='ltr'><strong>eisdem</strong></span> <span class='ocrx_word' id='word_1_7' title='bbox 732 829 885 911; x_wconf 85' lang='lat' dir='ltr'>perlectis</span> <span class='ocrx_word' id='word_1_8' title='bbox 918 829 1007 892; x_wconf 87' lang='lat' dir='ltr'><strong>iuxta</strong></span> <span class='ocrx_word' id='word_1_9' title='bbox 1039 838 1160 891; x_wconf 85' lang='lat' dir='ltr'><strong>statuta</strong></span> <span class='ocrx_word' id='word_1_10' title='bbox 1192 829 1327 892; x_wconf 86' lang='lat' dir='ltr'><strong>ecclesie</strong></span> <span class='ocrx_word' id='word_1_11' title='bbox 1359 829 1498 890; x_wconf 89' lang='lat' dir='ltr'><strong>Poznan.</strong></span> <span class='ocrx_word' id='word_1_12' title='bbox 1534 851 1631 912; x_wconf 86' lang='lat' dir='ltr'><strong>super</strong></span> <span class='ocrx_word' id='word_1_13' title='bbox 1662 832 1784 893; x_wconf 88' lang='lat' dir='ltr'><strong>eisdem</strong></span> 
     </span>
     <span class='ocr_line' id='line_1_3' title="bbox 228 935 1543 1016; baseline 0.002 -21"><span class='ocrx_word' id='word_1_14' title='bbox 228 935 341 998; x_wconf 91' lang='lat' dir='ltr'><strong>litteris</strong></span> <span class='ocrx_word' id='word_1_15' title='bbox 366 936 406 997; x_wconf 85' lang='lat' dir='ltr'><strong>ad</strong></span> <span class='ocrx_word' id='word_1_16' title='bbox 431 957 490 998; x_wconf 83' lang='lat' dir='ltr'><strong>sex</strong></span> <span class='ocrx_word' id='word_1_17' title='bbox 515 937 583 998; x_wconf 93' lang='lat' dir='ltr'><strong>dies</strong></span> <span class='ocrx_word' id='word_1_18' title='bbox 608 936 852 998; x_wconf 80' lang='lat' dir='ltr'><strong>deliberacionis</strong></span> <span class='ocrx_word' id='word_1_19' title='bbox 876 946 1084 1016; x_wconf 87' lang='lat' dir='ltr'><strong>receperunt;</strong></span> <span class='ocrx_word' id='word_1_20' title='bbox 1110 937 1314 1016; x_wconf 79' lang='lat' dir='ltr'><strong>presentibus</strong></span> <span class='ocrx_word' id='word_1_21' title='bbox 1338 937 1456 998; x_wconf 87' lang='lat' dir='ltr'><strong>ibidem</strong></span> <span class='ocrx_word' id='word_1_22' title='bbox 1482 945 1543 998; x_wconf 91' lang='lat' dir='ltr'><strong>etc.</strong></span> 
     </span>
    </p>
   </div>
   <div class='ocr_carea' id='block_1_3' title="bbox 442 1165 1026 1246">
    <p class='ocr_par' dir='ltr' id='par_1_3' title="bbox 442 1165 1026 1246">
     <span class='ocr_line' id='line_1_4' title="bbox 442 1165 1026 1246; baseline 0 -19"><span class='ocrx_word' id='word_1_23' title='bbox 442 1165 485 1226; x_wconf 86' lang='lat' dir='ltr'><strong>A.</strong></span> <span class='ocrx_word' id='word_1_24' title='bbox 517 1165 614 1245; x_wconf 80' lang='lat'><strong>1485,</strong></span> <span class='ocrx_word' id='word_1_25' title='bbox 640 1166 708 1228; x_wconf 92' lang='lat' dir='ltr'><strong>Iulii</strong></span> <span class='ocrx_word' id='word_1_26' title='bbox 737 1185 791 1244; x_wconf 87' lang='lat'><strong>14,</strong></span> <span class='ocrx_word' id='word_1_27' title='bbox 817 1167 848 1228; x_wconf 89' lang='lat' dir='ltr'><strong>in</strong></span> <span class='ocrx_word' id='word_1_28' title='bbox 873 1167 1026 1246; x_wconf 80' lang='lat' dir='ltr'><strong>capitulo</strong></span> 
     </span>
    </p>
   </div>
   <div class='ocr_carea' id='block_1_4' title="bbox 227 1303 1788 2675">
    <p class='ocr_par' dir='ltr' id='par_1_4' title="bbox 227 1303 1788 2675">
     <span class='ocr_line' id='line_1_5' title="bbox 338 1303 1788 1390; baseline -0.001 -20"><span class='ocrx_word' id='word_1_29' title='bbox 338 1303 422 1370; x_wconf 80' lang='lat'><strong>760.</strong></span> <span class='ocrx_word' id='word_1_30' title='bbox 446 1307 511 1388; x_wconf 91' lang='lat' dir='ltr'><strong>(lV.</strong></span> <span class='ocrx_word' id='word_1_31' title='bbox 542 1307 632 1388; x_wconf 89' lang='lat'><strong>102).</strong></span> <span class='ocrx_word' id='word_1_32' title='bbox 648 1357 653 1368; x_wconf 94' lang='lat'><strong>.</strong></span> <span class='ocrx_word' id='word_1_33' title='bbox 678 1307 798 1368; x_wconf 85' lang='lat' dir='ltr'><strong>Vener.</strong></span> <span class='ocrx_word' id='word_1_34' title='bbox 817 1307 870 1369; x_wconf 92' lang='lat' dir='ltr'><strong>dni</strong></span> <span class='ocrx_word' id='word_1_35' title='bbox 887 1306 1094 1382; x_wconf 88' lang='lat' dir='ltr'><strong>Srzemensis,</strong></span> <span class='ocrx_word' id='word_1_36' title='bbox 1112 1307 1312 1370; x_wconf 86' lang='lat' dir='ltr'><strong>Pczewensis</strong></span> <span class='ocrx_word' id='word_1_37' title='bbox 1329 1307 1552 1383; x_wconf 86' lang='lat' dir='ltr'><strong>archidiaconi,</strong></span> <span class='ocrx_word' id='word_1_38' title='bbox 1570 1309 1788 1390; x_wconf 61' lang='lat' dir='ltr'><strong>Rogalinslryr</strong></span> 
     </span>
     <span class='ocr_line' id='line_1_6' title="bbox 227 1413 1785 1496; baseline 0.003 -22"><span class='ocrx_word' id='word_1_39' title='bbox 227 1413 425 1496; x_wconf 84' lang='lat' dir='ltr'><strong>Popowsky,</strong></span> <span class='ocrx_word' id='word_1_40' title='bbox 451 1413 574 1477; x_wconf 89' lang='lat' dir='ltr'><strong>Hector</strong></span> <span class='ocrx_word' id='word_1_41' title='bbox 598 1425 630 1478; x_wconf 92' lang='lat' dir='ltr'><strong>et</strong></span> <span class='ocrx_word' id='word_1_42' title='bbox 653 1413 754 1476; x_wconf 86' lang='lat' dir='ltr'><strong>Scora</strong></span> <span class='ocrx_word' id='word_1_43' title='bbox 778 1413 961 1478; x_wconf 87' lang='lat' dir='ltr'><strong>officialis..</strong></span> <span class='ocrx_word' id='word_1_44' title='bbox 987 1416 1105 1476; x_wconf 89' lang='lat' dir='ltr'><strong>ibidem</strong></span> <span class='ocrx_word' id='word_1_45' title='bbox 1131 1416 1162 1476; x_wconf 92' lang='lat' dir='ltr'><strong>in</strong></span> <span class='ocrx_word' id='word_1_46' title='bbox 1187 1415 1325 1476; x_wconf 87' lang='lat' dir='ltr'><strong>termino</strong></span> <span class='ocrx_word' id='word_1_47' title='bbox 1343 1415 1587 1477; x_wconf 87' lang='lat' dir='ltr'><strong>deliberacionis</strong></span> <span class='ocrx_word' id='word_1_48' title='bbox 1604 1417 1785 1496; x_wconf 85' lang='lat' dir='ltr'><strong>requirente</strong></span> 
     </span>
     <span class='ocr_line' id='line_1_7' title="bbox 230 1501 1779 1604; baseline 0.003 -23"><span class='ocrx_word' id='word_1_49' title='bbox 230 1540 288 1582; x_wconf 91' lang='lat' dir='ltr'><strong>eos</strong></span> <span class='ocrx_word' id='word_1_50' title='bbox 311 1521 378 1582; x_wconf 92' lang='lat' dir='ltr'><strong>dno</strong></span> <span class='ocrx_word' id='word_1_51' title='bbox 402 1520 539 1582; x_wconf 90' lang='lat' dir='ltr'><strong>Nicolao</strong></span> <span class='ocrx_word' id='word_1_52' title='bbox 571 1522 614 1583; x_wconf 92' lang='lat' dir='ltr'><strong>do</strong></span> <span class='ocrx_word' id='word_1_53' title='bbox 638 1521 892 1603; x_wconf 86' lang='lat' dir='ltr'><strong>Luthomyrsko,</strong></span> <span class='ocrx_word' id='word_1_54' title='bbox 924 1521 978 1583; x_wconf 94' lang='lat' dir='ltr'><strong>dni</strong></span> <span class='ocrx_word' id='word_1_55' title='bbox 1010 1521 1136 1584; x_wconf 89' lang='lat' dir='ltr'><strong>Nicolai</strong></span> <span class='ocrx_word' id='word_1_56' title='bbox 1170 1501 1288 1602; x_wconf 84' lang='lat' dir='ltr'><strong>Czepel</strong></span> <span class='ocrx_word' id='word_1_57' title='bbox 1321 1522 1361 1584; x_wconf 93' lang='lat' dir='ltr'><strong>de</strong></span> <span class='ocrx_word' id='word_1_58' title='bbox 1385 1521 1544 1583; x_wconf 89' lang='lat' dir='ltr'><strong>Poznania</strong></span> <span class='ocrx_word' id='word_1_59' title='bbox 1569 1511 1779 1604; x_wconf 82' lang='lat' dir='ltr'><strong>procuratoie</strong></span> 
     </span>
     <span class='ocr_line' id='line_1_8' title="bbox 228 1627 1778 1710; baseline 0.003 -22"><span class='ocrx_word' id='word_1_60' title='bbox 228 1629 341 1708; x_wconf 84' lang='lat' dir='ltr'><strong>vigore</strong></span> <span class='ocrx_word' id='word_1_61' title='bbox 365 1627 540 1690; x_wconf 90' lang='lat' dir='ltr'><strong>litterarum</strong></span> <span class='ocrx_word' id='word_1_62' title='bbox 564 1629 817 1710; x_wconf 89' lang='lat' dir='ltr'><strong>apostolicarum</strong></span> <span class='ocrx_word' id='word_1_63' title='bbox 841 1629 1123 1704; x_wconf 87' lang='lat' dir='ltr'><strong>executorialium,</strong></span> <span class='ocrx_word' id='word_1_64' title='bbox 1148 1630 1298 1710; x_wconf 86' lang='lat' dir='ltr'><strong>quatinus</strong></span> <span class='ocrx_word' id='word_1_65' title='bbox 1315 1629 1474 1710; x_wconf 82' lang='lat' dir='ltr'><strong>prelatum</strong></span> <span class='ocrx_word' id='word_1_66' title='bbox 1491 1631 1590 1692; x_wconf 91' lang='lat' dir='ltr'><strong>dnum</strong></span> <span class='ocrx_word' id='word_1_67' title='bbox 1608 1631 1778 1692; x_wconf 87' lang='lat' dir='ltr'><strong>Nicolaum</strong></span> 
     </span>
     <span class='ocr_line' id='line_1_9' title="bbox 229 1733 1784 1820; baseline 0.003 -24"><span class='ocrx_word' id='word_1_68' title='bbox 229 1733 348 1814; x_wconf 86' lang='lat' dir='ltr'><strong>Czepcl</strong></span> <span class='ocrx_word' id='word_1_69' title='bbox 372 1735 404 1796; x_wconf 90' lang='lat' dir='ltr'><strong>in</strong></span> <span class='ocrx_word' id='word_1_70' title='bbox 427 1736 619 1796; x_wconf 89' lang='lat' dir='ltr'><strong>canonicum</strong></span> <span class='ocrx_word' id='word_1_71' title='bbox 643 1747 676 1796; x_wconf 95' lang='lat' dir='ltr'><strong>et</strong></span> <span class='ocrx_word' id='word_1_72' title='bbox 699 1738 730 1796; x_wconf 91' lang='lat' dir='ltr'><strong>in</strong></span> <span class='ocrx_word' id='word_1_73' title='bbox 755 1735 885 1798; x_wconf 87' lang='lat' dir='ltr'><strong>iratrern</strong></span> <span class='ocrx_word' id='word_1_74' title='bbox 910 1737 999 1798; x_wconf 87' lang='lat' dir='ltr'><strong>iuxta</strong></span> <span class='ocrx_word' id='word_1_75' title='bbox 1024 1737 1163 1816; x_wconf 86' lang='lat' dir='ltr'><strong>priorem</strong></span> <span class='ocrx_word' id='word_1_76' title='bbox 1188 1737 1435 1817; x_wconf 89' lang='lat' dir='ltr'><strong>requisicionem</strong></span> <span class='ocrx_word' id='word_1_77' title='bbox 1453 1738 1633 1817; x_wconf 85' lang='lat' dir='ltr'><strong>reciperent</strong></span> <span class='ocrx_word' id='word_1_78' title='bbox 1651 1739 1784 1820; x_wconf 88' lang='lat' dir='ltr'><strong>sibique,</strong></span> 
     </span>
     <span class='ocr_line' id='line_1_10' title="bbox 229 1841 1781 1927; baseline 0.003 -23"><span class='ocrx_word' id='word_1_79' title='bbox 229 1841 359 1904; x_wconf 87' lang='lat' dir='ltr'><strong>stallum</strong></span> <span class='ocrx_word' id='word_1_80' title='bbox 383 1843 415 1904; x_wconf 92' lang='lat' dir='ltr'><strong>in</strong></span> <span class='ocrx_word' id='word_1_81' title='bbox 438 1843 538 1904; x_wconf 93' lang='lat' dir='ltr'><strong>choro</strong></span> <span class='ocrx_word' id='word_1_82' title='bbox 563 1855 596 1905; x_wconf 93' lang='lat' dir='ltr'><strong>et</strong></span> <span class='ocrx_word' id='word_1_83' title='bbox 619 1863 733 1905; x_wconf 91' lang='lat' dir='ltr'><strong>vocem</strong></span> <span class='ocrx_word' id='word_1_84' title='bbox 760 1845 790 1904; x_wconf 94' lang='lat' dir='ltr'><strong>in</strong></span> <span class='ocrx_word' id='word_1_85' title='bbox 815 1843 957 1924; x_wconf 90' lang='lat' dir='ltr'><strong>capitulo</strong></span> <span class='ocrx_word' id='word_1_86' title='bbox 981 1863 1053 1904; x_wconf 92' lang='lat' dir='ltr'><strong>cum</strong></span> <span class='ocrx_word' id='word_1_87' title='bbox 1078 1843 1276 1924; x_wconf 86' lang='lat' dir='ltr'><strong>plenitudine</strong></span> <span class='ocrx_word' id='word_1_88' title='bbox 1300 1844 1374 1904; x_wconf 90' lang='lat' dir='ltr'><strong>iuris</strong></span> <span class='ocrx_word' id='word_1_89' title='bbox 1398 1844 1544 1904; x_wconf 88' lang='lat' dir='ltr'><strong>canonici</strong></span> <span class='ocrx_word' id='word_1_90' title='bbox 1568 1846 1781 1927; x_wconf 84' lang='lat' dir='ltr'><strong>assignarent,</strong></span> 
     </span>
     <span class='ocr_line' id='line_1_11' title="bbox 230 1949 1786 2031; baseline 0.003 -21"><span class='ocrx_word' id='word_1_91' title='bbox 230 1949 415 2030; x_wconf 90' lang='lat' dir='ltr'><strong>quiquidem</strong></span> <span class='ocrx_word' id='word_1_92' title='bbox 440 1950 561 2012; x_wconf 94' lang='lat' dir='ltr'><strong>domini</strong></span> <span class='ocrx_word' id='word_1_93' title='bbox 591 1951 706 2031; x_wconf 88' lang='lat' dir='ltr'><strong>prelati</strong></span> <span class='ocrx_word' id='word_1_94' title='bbox 739 1963 771 2014; x_wconf 94' lang='lat' dir='ltr'><strong>et</strong></span> <span class='ocrx_word' id='word_1_95' title='bbox 802 1952 948 2012; x_wconf 91' lang='lat' dir='ltr'><strong>canonici</strong></span> <span class='ocrx_word' id='word_1_96' title='bbox 982 1951 1041 2012; x_wconf 91' lang='lat' dir='ltr'><strong>hec</strong></span> <span class='ocrx_word' id='word_1_97' title='bbox 1073 1961 1106 2014; x_wconf 92' lang='lat' dir='ltr'><strong>et</strong></span> <span class='ocrx_word' id='word_1_98' title='bbox 1138 1949 1198 2012; x_wconf 86' lang='lat' dir='ltr'><strong>alia</strong></span> <span class='ocrx_word' id='word_1_99' title='bbox 1230 1951 1328 2012; x_wconf 91' lang='lat' dir='ltr'><strong>verba</strong></span> <span class='ocrx_word' id='word_1_100' title='bbox 1360 1951 1447 2012; x_wconf 92' lang='lat' dir='ltr'><strong>dicto</strong></span> <span class='ocrx_word' id='word_1_101' title='bbox 1479 1951 1544 2012; x_wconf 92' lang='lat' dir='ltr'><strong>dno</strong></span> <span class='ocrx_word' id='word_1_102' title='bbox 1577 1951 1714 2014; x_wconf 90' lang='lat' dir='ltr'><strong>Nicolao</strong></span> <span class='ocrx_word' id='word_1_103' title='bbox 1746 1953 1786 2015; x_wconf 93' lang='lat' dir='ltr'><strong>de</strong></span> 
     </span>
     <span class='ocr_line' id='line_1_12' title="bbox 228 2055 1784 2140; baseline 0.002 -22"><span class='ocrx_word' id='word_1_104' title='bbox 228 2055 474 2137; x_wconf 85' lang='lat' dir='ltr'><strong>Luthomyrsko</strong></span> <span class='ocrx_word' id='word_1_105' title='bbox 499 2057 574 2120; x_wconf 93' lang='lat' dir='ltr'><strong>dicti</strong></span> <span class='ocrx_word' id='word_1_106' title='bbox 599 2059 653 2119; x_wconf 92' lang='lat' dir='ltr'><strong>dni</strong></span> <span class='ocrx_word' id='word_1_107' title='bbox 677 2059 758 2140; x_wconf 81' lang='lat' dir='ltr'><strong>mgri</strong></span> <span class='ocrx_word' id='word_1_108' title='bbox 783 2057 908 2120; x_wconf 91' lang='lat' dir='ltr'><strong>Nicolai</strong></span> <span class='ocrx_word' id='word_1_109' title='bbox 933 2056 1051 2138; x_wconf 87' lang='lat' dir='ltr'><strong>Czepel</strong></span> <span class='ocrx_word' id='word_1_110' title='bbox 1076 2057 1276 2138; x_wconf 90' lang='lat' dir='ltr'><strong>procuratori</strong></span> <span class='ocrx_word' id='word_1_111' title='bbox 1301 2057 1467 2132; x_wconf 87' lang='lat' dir='ltr'><strong>dixerunt,</strong></span> <span class='ocrx_word' id='word_1_112' title='bbox 1491 2057 1578 2138; x_wconf 92' lang='lat' dir='ltr'><strong>quod</strong></span> <span class='ocrx_word' id='word_1_113' title='bbox 1603 2058 1685 2121; x_wconf 90' lang='lat' dir='ltr'><strong>dnus</strong></span> <span class='ocrx_word' id='word_1_114' title='bbox 1709 2059 1784 2121; x_wconf 83' lang='lat' dir='ltr'><strong>Rex</strong></span> 
     </span>
     <span class='ocr_line' id='line_1_13' title="bbox 230 2163 1786 2246; baseline 0.003 -23"><span class='ocrx_word' id='word_1_115' title='bbox 230 2164 323 2225; x_wconf 91' lang='lat' dir='ltr'><strong>nobis</strong></span> <span class='ocrx_word' id='word_1_116' title='bbox 347 2165 504 2244; x_wconf 88' lang='lat' dir='ltr'><strong>speciales</strong></span> <span class='ocrx_word' id='word_1_117' title='bbox 529 2163 651 2228; x_wconf 88' lang='lat' dir='ltr'><strong>litteras</strong></span> <span class='ocrx_word' id='word_1_118' title='bbox 678 2165 778 2238; x_wconf 89' lang='lat' dir='ltr'><strong>misit,</strong></span> <span class='ocrx_word' id='word_1_119' title='bbox 812 2185 851 2226; x_wconf 94' lang='lat' dir='ltr'><strong>ne</strong></span> <span class='ocrx_word' id='word_1_120' title='bbox 876 2165 981 2246; x_wconf 93' lang='lat' dir='ltr'><strong>ipsum</strong></span> <span class='ocrx_word' id='word_1_121' title='bbox 1005 2165 1046 2226; x_wconf 92' lang='lat' dir='ltr'><strong>ad</strong></span> <span class='ocrx_word' id='word_1_122' title='bbox 1071 2164 1240 2226; x_wconf 90' lang='lat' dir='ltr'><strong>ecclesiam</strong></span> <span class='ocrx_word' id='word_1_123' title='bbox 1264 2165 1498 2244; x_wconf 67' lang='lat' dir='ltr'><strong>acciperemus</strong></span> <span class='ocrx_word' id='word_1_124' title='bbox 1523 2175 1555 2226; x_wconf 93' lang='lat' dir='ltr'><strong>et</strong></span> <span class='ocrx_word' id='word_1_125' title='bbox 1579 2185 1618 2226; x_wconf 95' lang='lat' dir='ltr'><strong>eo</strong></span> <span class='ocrx_word' id='word_1_126' title='bbox 1643 2186 1708 2228; x_wconf 95' lang='lat' dir='ltr'><strong>non</strong></span> <span class='ocrx_word' id='word_1_127' title='bbox 1733 2166 1786 2228; x_wconf 91' lang='lat' dir='ltr'><strong>ob·</strong></span> 
     </span>
     <span class='ocr_line' id='line_1_14' title="bbox 229 2271 1785 2353; baseline 0.002 -21"><span class='ocrx_word' id='word_1_128' title='bbox 229 2280 336 2333; x_wconf 90' lang='lat' dir='ltr'><strong>stante</strong></span> <span class='ocrx_word' id='word_1_129' title='bbox 360 2272 422 2332; x_wconf 93' lang='lat' dir='ltr'><strong>iam</strong></span> <span class='ocrx_word' id='word_1_130' title='bbox 446 2271 486 2332; x_wconf 94' lang='lat' dir='ltr'><strong>de</strong></span> <span class='ocrx_word' id='word_1_131' title='bbox 511 2271 597 2336; x_wconf 87' lang='lat' dir='ltr'><strong>facto</strong></span> <span class='ocrx_word' id='word_1_132' title='bbox 621 2293 729 2335; x_wconf 87' lang='lat' dir='ltr'><strong>vener.</strong></span> <span class='ocrx_word' id='word_1_133' title='bbox 755 2271 854 2334; x_wconf 88' lang='lat' dir='ltr'><strong>dnum</strong></span> <span class='ocrx_word' id='word_1_134' title='bbox 879 2272 1046 2334; x_wconf 89' lang='lat' dir='ltr'><strong>Andream</strong></span> <span class='ocrx_word' id='word_1_135' title='bbox 1072 2272 1162 2334; x_wconf 90' lang='lat' dir='ltr'><strong>Rosa</strong></span> <span class='ocrx_word' id='word_1_136' title='bbox 1179 2272 1380 2352; x_wconf 89' lang='lat' dir='ltr'><strong>prepositum</strong></span> <span class='ocrx_word' id='word_1_137' title='bbox 1397 2271 1641 2334; x_wconf 89' lang='lat' dir='ltr'><strong>Lanciciensem</strong></span> <span class='ocrx_word' id='word_1_138' title='bbox 1659 2274 1699 2334; x_wconf 88' lang='lat' dir='ltr'><strong>ad</strong></span> <span class='ocrx_word' id='word_1_139' title='bbox 1716 2293 1785 2353; x_wconf 92' lang='lat' dir='ltr'><strong>pro·</strong></span> 
     </span>
     <span class='ocr_line' id='line_1_15' title="bbox 229 2377 1787 2460; baseline 0.003 -22"><span class='ocrx_word' id='word_1_140' title='bbox 229 2378 385 2440; x_wconf 89' lang='lat' dir='ltr'><strong>visionem</strong></span> <span class='ocrx_word' id='word_1_141' title='bbox 410 2379 529 2441; x_wconf 92' lang='lat' dir='ltr'><strong>Rmi..</strong></span> <span class='ocrx_word' id='word_1_142' title='bbox 556 2379 610 2440; x_wconf 93' lang='lat' dir='ltr'><strong>dni</strong></span> <span class='ocrx_word' id='word_1_143' title='bbox 636 2381 737 2442; x_wconf 91' lang='lat' dir='ltr'><strong>nostri</strong></span> <span class='ocrx_word' id='word_1_144' title='bbox 762 2379 879 2442; x_wconf 90' lang='lat' dir='ltr'><strong>Urielis</strong></span> <span class='ocrx_word' id='word_1_145' title='bbox 904 2380 933 2442; x_wconf 94' lang='lat' dir='ltr'><strong>d.</strong></span> <span class='ocrx_word' id='word_1_146' title='bbox 960 2400 990 2460; x_wconf 83' lang='lat' dir='ltr'><strong>g.</strong></span> <span class='ocrx_word' id='word_1_147' title='bbox 1017 2379 1079 2460; x_wconf 86' lang='lat' dir='ltr'><strong>Epi</strong></span> <span class='ocrx_word' id='word_1_148' title='bbox 1103 2378 1262 2440; x_wconf 87' lang='lat' dir='ltr'><strong>Poznan..</strong></span> <span class='ocrx_word' id='word_1_149' title='bbox 1294 2377 1335 2440; x_wconf 94' lang='lat' dir='ltr'><strong>ad</strong></span> <span class='ocrx_word' id='word_1_150' title='bbox 1361 2379 1465 2440; x_wconf 89' lang='lat' dir='ltr'><strong>dictos</strong></span> <span class='ocrx_word' id='word_1_151' title='bbox 1498 2381 1722 2442; x_wconf 87' lang='lat' dir='ltr'><strong>canonicatum</strong></span> <span class='ocrx_word' id='word_1_152' title='bbox 1755 2391 1787 2442; x_wconf 92' lang='lat' dir='ltr'><strong>et</strong></span> 
     </span>
     <span class='ocr_line' id='line_1_16' title="bbox 229 2485 1786 2568; baseline 0.003 -22"><span class='ocrx_word' id='word_1_153' title='bbox 229 2485 428 2564; x_wconf 87' lang='lat' dir='ltr'><strong>prebendam</strong></span> <span class='ocrx_word' id='word_1_154' title='bbox 443 2535 471 2548; x_wconf 91' lang='lat'><strong>..</strong></span> <span class='ocrx_word' id='word_1_155' title='bbox 495 2487 717 2568; x_wconf 68' lang='lat' dir='ltr'><strong>recepimus„</strong></span> <span class='ocrx_word' id='word_1_156' title='bbox 757 2487 800 2550; x_wconf 88' lang='lat' dir='ltr'><strong>Et</strong></span> <span class='ocrx_word' id='word_1_157' title='bbox 828 2487 944 2550; x_wconf 90' lang='lat' dir='ltr'><strong>ibidem</strong></span> <span class='ocrx_word' id='word_1_158' title='bbox 971 2486 1055 2548; x_wconf 92' lang='lat' dir='ltr'><strong>idem</strong></span> <span class='ocrx_word' id='word_1_159' title='bbox 1080 2485 1235 2548; x_wconf 90' lang='lat' dir='ltr'><strong>Nicolaus</strong></span> <span class='ocrx_word' id='word_1_160' title='bbox 1259 2486 1300 2547; x_wconf 92' lang='lat' dir='ltr'><strong>de</strong></span> <span class='ocrx_word' id='word_1_161' title='bbox 1325 2485 1572 2566; x_wconf 75' lang='lat' dir='ltr'><strong>Luthomyrslro</strong></span> <span class='ocrx_word' id='word_1_162' title='bbox 1596 2498 1786 2568; x_wconf 86' lang='lat' dir='ltr'><strong>procurator</strong></span> 
     </span>
     <span class='ocr_line' id='line_1_17' title="bbox 229 2592 1621 2675; baseline 0.003 -23"><span class='ocrx_word' id='word_1_163' title='bbox 229 2592 305 2655; x_wconf 92' lang='lat' dir='ltr'><strong>dicti</strong></span> <span class='ocrx_word' id='word_1_164' title='bbox 329 2592 383 2654; x_wconf 94' lang='lat' dir='ltr'><strong>dni</strong></span> <span class='ocrx_word' id='word_1_165' title='bbox 407 2592 533 2656; x_wconf 93' lang='lat' dir='ltr'><strong>Nicolai</strong></span> <span class='ocrx_word' id='word_1_166' title='bbox 558 2592 700 2675; x_wconf 89' lang='lat' dir='ltr'><strong>Czeppel</strong></span> <span class='ocrx_word' id='word_1_167' title='bbox 723 2595 764 2656; x_wconf 93' lang='lat' dir='ltr'><strong>ad</strong></span> <span class='ocrx_word' id='word_1_168' title='bbox 788 2592 906 2656; x_wconf 88' lang='lat' dir='ltr'><strong>Sedem</strong></span> <span class='ocrx_word' id='word_1_169' title='bbox 931 2593 1086 2674; x_wconf 89' lang='lat' dir='ltr'><strong>Apostol.</strong></span> <span class='ocrx_word' id='word_1_170' title='bbox 1112 2593 1306 2674; x_wconf 88' lang='lat' dir='ltr'><strong>appellavit;</strong></span> <span class='ocrx_word' id='word_1_171' title='bbox 1330 2594 1535 2674; x_wconf 89' lang='lat' dir='ltr'><strong>presentibus</strong></span> <span class='ocrx_word' id='word_1_172' title='bbox 1560 2605 1621 2657; x_wconf 93' lang='lat' dir='ltr'><strong>etc.</strong></span> 
     </span>
    </p>
   </div>
   <div class='ocr_carea' id='block_1_5' title="bbox 443 2821 1308 2903">
    <p class='ocr_par' dir='ltr' id='par_1_5' title="bbox 443 2821 1308 2903">
     <span class='ocr_line' id='line_1_18' title="bbox 443 2821 1308 2903; baseline 0 -19"><span class='ocrx_word' id='word_1_173' title='bbox 443 2821 486 2884; x_wconf 92' lang='lat' dir='ltr'><strong>A.</strong></span> <span class='ocrx_word' id='word_1_174' title='bbox 516 2825 614 2903; x_wconf 80' lang='lat'><strong>1485,</strong></span> <span class='ocrx_word' id='word_1_175' title='bbox 640 2822 836 2886; x_wconf 90' lang='lat' dir='ltr'><strong>Novembris</strong></span> <span class='ocrx_word' id='word_1_176' title='bbox 865 2838 911 2902; x_wconf 91' lang='lat'><strong>17,</strong></span> <span class='ocrx_word' id='word_1_177' title='bbox 936 2824 967 2884; x_wconf 95' lang='lat' dir='ltr'><strong>in</strong></span> <span class='ocrx_word' id='word_1_178' title='bbox 991 2821 1134 2903; x_wconf 90' lang='lat' dir='ltr'><strong>capitulo</strong></span> <span class='ocrx_word' id='word_1_179' title='bbox 1158 2822 1308 2903; x_wconf 83' lang='lat' dir='ltr'><strong>generali.</strong></span> 
     </span>
    </p>
   </div>
   <div class='ocr_carea' id='block_1_6' title="bbox 229 2961 1787 3475">
    <p class='ocr_par' dir='ltr' id='par_1_6' title="bbox 229 2961 1787 3475">
     <span class='ocr_line' id='line_1_19' title="bbox 339 2961 1786 3046; baseline 0 -18"><span class='ocrx_word' id='word_1_180' title='bbox 339 2961 425 3029; x_wconf 85' lang='grc'>761.</span> <span class='ocrx_word' id='word_1_181' title='bbox 450 2965 516 3046; x_wconf 91' lang='lat' dir='ltr'><strong>(IV.</strong></span> <span class='ocrx_word' id='word_1_182' title='bbox 547 2967 629 3045; x_wconf 91' lang='lat'>107).</span> <span class='ocrx_word' id='word_1_183' title='bbox 655 2965 776 3027; x_wconf 90' lang='lat' dir='ltr'><strong>Ibidem</strong></span> <span class='ocrx_word' id='word_1_184' title='bbox 802 2985 910 3028; x_wconf 92' lang='lat' dir='ltr'><strong>vener.</strong></span> <span class='ocrx_word' id='word_1_185' title='bbox 935 2966 1000 3027; x_wconf 93' lang='lat' dir='ltr'><strong>dno</strong></span> <span class='ocrx_word' id='word_1_186' title='bbox 1024 2965 1201 3026; x_wconf 89' lang='lat' dir='ltr'><strong>lohananni</strong></span> <span class='ocrx_word' id='word_1_187' title='bbox 1226 2964 1266 3026; x_wconf 91' lang='lat' dir='ltr'><strong>de</strong></span> <span class='ocrx_word' id='word_1_188' title='bbox 1289 2961 1415 3026; x_wconf 91' lang='lat' dir='ltr'><strong>Goslub</strong></span> <span class='ocrx_word' id='word_1_189' title='bbox 1439 2965 1643 3028; x_wconf 91' lang='lat' dir='ltr'><strong>decretorum</strong></span> <span class='ocrx_word' id='word_1_190' title='bbox 1661 2966 1786 3028; x_wconf 88' lang='lat' dir='ltr'><strong>doctori</strong></span> 
     </span>
     <span class='ocr_line' id='line_1_20' title="bbox 230 3070 1787 3154; baseline 0.002 -23"><span class='ocrx_word' id='word_1_191' title='bbox 230 3070 456 3134; x_wconf 88' lang='lat' dir='ltr'><strong>archidiacono</strong></span> <span class='ocrx_word' id='word_1_192' title='bbox 481 3072 575 3134; x_wconf 89' lang='lat' dir='ltr'><strong>Pozn.</strong></span> <span class='ocrx_word' id='word_1_193' title='bbox 598 3083 734 3154; x_wconf 91' lang='lat' dir='ltr'><strong>propter</strong></span> <span class='ocrx_word' id='word_1_194' title='bbox 758 3073 1010 3135; x_wconf 90' lang='lat' dir='ltr'><strong>destructionem</strong></span> <span class='ocrx_word' id='word_1_195' title='bbox 1035 3073 1083 3134; x_wconf 91' lang='lat' dir='ltr'><strong>sui</strong></span> <span class='ocrx_word' id='word_1_196' title='bbox 1106 3071 1385 3134; x_wconf 89' lang='lat' dir='ltr'><strong>archidiaconatus</strong></span> <span class='ocrx_word' id='word_1_197' title='bbox 1409 3093 1467 3152; x_wconf 89' lang='lat' dir='ltr'><strong>per</strong></span> <span class='ocrx_word' id='word_1_198' title='bbox 1491 3072 1787 3154; x_wconf 89' lang='lat' dir='ltr'><strong>stipendarios</strong></span> 
     </span>
     <span class='ocr_line' id='line_1_21' title="bbox 229 3176 1784 3262; baseline 0.002 -23"><span class='ocrx_word' id='word_1_199' title='bbox 229 3176 398 3242; x_wconf 90' lang='lat' dir='ltr'><strong>Cosmider</strong></span> <span class='ocrx_word' id='word_1_200' title='bbox 420 3190 524 3243; x_wconf 89' lang='lat' dir='ltr'><strong>totam</strong></span> <span class='ocrx_word' id='word_1_201' title='bbox 549 3181 739 3260; x_wconf 88' lang='lat' dir='ltr'><strong>pensionem</strong></span> <span class='ocrx_word' id='word_1_202' title='bbox 764 3180 804 3242; x_wconf 92' lang='lat' dir='ltr'><strong>de</strong></span> <span class='ocrx_word' id='word_1_203' title='bbox 828 3201 887 3242; x_wconf 88' lang='lat' dir='ltr'><strong>suo</strong></span> <span class='ocrx_word' id='word_1_204' title='bbox 911 3179 1173 3242; x_wconf 88' lang='lat' dir='ltr'><strong>archidiaconatu</strong></span> <span class='ocrx_word' id='word_1_205' title='bbox 1198 3199 1283 3242; x_wconf 89' lang='lat' dir='ltr'><strong>anno</strong></span> <span class='ocrx_word' id='word_1_206' title='bbox 1307 3180 1450 3260; x_wconf 89' lang='lat' dir='ltr'><strong>presenti</strong></span> <span class='ocrx_word' id='word_1_207' title='bbox 1482 3181 1522 3242; x_wconf 91' lang='lat' dir='ltr'><strong>de</strong></span> <span class='ocrx_word' id='word_1_208' title='bbox 1554 3181 1662 3262; x_wconf 81' lang='lat' dir='ltr'><strong>gracia</strong></span> <span class='ocrx_word' id='word_1_209' title='bbox 1695 3179 1784 3242; x_wconf 92' lang='lat' dir='ltr'><strong>dimi-</strong></span> 
     </span>
     <span class='ocr_line' id='line_1_22' title="bbox 230 3285 1786 3369; baseline 0 -21"><span class='ocrx_word' id='word_1_210' title='bbox 230 3295 340 3348; x_wconf 90' lang='lat' dir='ltr'><strong>serunt</strong></span> <span class='ocrx_word' id='word_1_211' title='bbox 364 3297 397 3349; x_wconf 91' lang='lat' dir='ltr'><strong>et</strong></span> <span class='ocrx_word' id='word_1_212' title='bbox 421 3308 440 3348; x_wconf 91' lang='lat' dir='ltr'><strong>a</strong></span> <span class='ocrx_word' id='word_1_213' title='bbox 464 3285 630 3349; x_wconf 88' lang='lat' dir='ltr'><strong>solucione</strong></span> <span class='ocrx_word' id='word_1_214' title='bbox 653 3287 798 3368; x_wconf 89' lang='lat' dir='ltr'><strong>predicte</strong></span> <span class='ocrx_word' id='word_1_215' title='bbox 822 3287 987 3369; x_wconf 90' lang='lat' dir='ltr'><strong>pensionis</strong></span> <span class='ocrx_word' id='word_1_216' title='bbox 1011 3288 1051 3348; x_wconf 92' lang='lat' dir='ltr'><strong>ad</strong></span> <span class='ocrx_word' id='word_1_217' title='bbox 1077 3297 1142 3348; x_wconf 93' lang='lat' dir='ltr'><strong>tres</strong></span> <span class='ocrx_word' id='word_1_218' title='bbox 1166 3297 1340 3367; x_wconf 91' lang='lat' dir='ltr'><strong>sequentes</strong></span> <span class='ocrx_word' id='word_1_219' title='bbox 1364 3306 1466 3349; x_wconf 92' lang='lat' dir='ltr'><strong>annos</strong></span> <span class='ocrx_word' id='word_1_220' title='bbox 1490 3307 1548 3369; x_wconf 93' lang='lat' dir='ltr'><strong>per</strong></span> <span class='ocrx_word' id='word_1_221' title='bbox 1571 3297 1637 3349; x_wconf 88' lang='lat' dir='ltr'><strong>tres</strong></span> <span class='ocrx_word' id='word_1_222' title='bbox 1662 3307 1786 3349; x_wconf 89' lang='lat' dir='ltr'><strong>marcas</strong></span> 
     </span>
     <span class='ocr_line' id='line_1_23' title="bbox 231 3391 1321 3475; baseline 0.002 -21"><span class='ocrx_word' id='word_1_223' title='bbox 231 3391 366 3454; x_wconf 91' lang='lat' dir='ltr'><strong>liberum</strong></span> <span class='ocrx_word' id='word_1_224' title='bbox 390 3393 547 3456; x_wconf 90' lang='lat' dir='ltr'><strong>miserunt</strong></span> <span class='ocrx_word' id='word_1_225' title='bbox 571 3405 706 3475; x_wconf 90' lang='lat' dir='ltr'><strong>propter</strong></span> <span class='ocrx_word' id='word_1_226' title='bbox 730 3393 806 3456; x_wconf 93' lang='lat' dir='ltr'><strong>dicti</strong></span> <span class='ocrx_word' id='word_1_227' title='bbox 830 3393 918 3454; x_wconf 84' lang='lat' dir='ltr'><strong>fundi</strong></span> <span class='ocrx_word' id='word_1_228' title='bbox 940 3393 1207 3457; x_wconf 89' lang='lat' dir='ltr'><strong>destruccionem.</strong></span> <span class='ocrx_word' id='word_1_229' title='bbox 1313 3451 1321 3472; x_wconf 76' lang='grc'>,</span> 
     </span>
    </p>
   </div>
   <div class='ocr_carea' id='block_1_7' title="bbox 230 3531 1787 3831">
    <p class='ocr_par' dir='ltr' id='par_1_7' title="bbox 230 3531 1787 3831">
     <span class='ocr_line' id='line_1_24' title="bbox 339 3531 1786 3616; baseline -0.001 -16"><span class='ocrx_word' id='word_1_230' title='bbox 339 3531 551 3616; x_wconf 79' lang='lat' dir='ltr'><strong>762.(1b1d.)</strong></span> <span class='ocrx_word' id='word_1_231' title='bbox 576 3536 698 3598; x_wconf 92' lang='lat' dir='ltr'><strong>Ibidem</strong></span> <span class='ocrx_word' id='word_1_232' title='bbox 722 3535 843 3597; x_wconf 89' lang='lat' dir='ltr'><strong>domini</strong></span> <span class='ocrx_word' id='word_1_233' title='bbox 868 3546 970 3597; x_wconf 92' lang='lat' dir='ltr'><strong>totam</strong></span> <span class='ocrx_word' id='word_1_234' title='bbox 995 3535 1211 3610; x_wconf 88' lang='lat' dir='ltr'><strong>scolastriam,</strong></span> <span class='ocrx_word' id='word_1_235' title='bbox 1236 3557 1278 3598; x_wconf 88' lang='lat' dir='ltr'><strong>ex</strong></span> <span class='ocrx_word' id='word_1_236' title='bbox 1302 3555 1349 3606; x_wconf 91' lang='lat' dir='ltr'><strong>e0,</strong></span> <span class='ocrx_word' id='word_1_237' title='bbox 1375 3536 1448 3616; x_wconf 91' lang='lat' dir='ltr'><strong>quia</strong></span> <span class='ocrx_word' id='word_1_238' title='bbox 1471 3545 1561 3598; x_wconf 88' lang='lat' dir='ltr'><strong>totus</strong></span> <span class='ocrx_word' id='word_1_239' title='bbox 1586 3535 1702 3598; x_wconf 82' lang='lat' dir='ltr'><strong>fundus</strong></span> <span class='ocrx_word' id='word_1_240' title='bbox 1719 3537 1786 3598; x_wconf 90' lang='lat' dir='ltr'><strong>eius</strong></span> 
     </span>
     <span class='ocr_line' id='line_1_25' title="bbox 230 3642 1787 3725; baseline 0 -21"><span class='ocrx_word' id='word_1_241' title='bbox 230 3653 281 3705; x_wconf 91' lang='lat' dir='ltr'><strong>est</strong></span> <span class='ocrx_word' id='word_1_242' title='bbox 311 3664 370 3724; x_wconf 91' lang='lat' dir='ltr'><strong>par</strong></span> <span class='ocrx_word' id='word_1_243' title='bbox 401 3643 739 3724; x_wconf 88' lang='lat' dir='ltr'><strong>stipendarios</strong></span> <span class='ocrx_word' id='word_1_244' title='bbox 770 3642 954 3725; x_wconf 86' lang='lat' dir='ltr'><strong>Cosmyder</strong></span> <span class='ocrx_word' id='word_1_245' title='bbox 981 3643 1164 3706; x_wconf 88' lang='lat' dir='ltr'><strong>destructus</strong></span> <span class='ocrx_word' id='word_1_246' title='bbox 1188 3653 1221 3706; x_wconf 90' lang='lat' dir='ltr'><strong>et</strong></span> <span class='ocrx_word' id='word_1_247' title='bbox 1252 3643 1480 3718; x_wconf 89' lang='lat' dir='ltr'><strong>annichilatus,</strong></span> <span class='ocrx_word' id='word_1_248' title='bbox 1513 3663 1570 3724; x_wconf 91' lang='lat' dir='ltr'><strong>per</strong></span> <span class='ocrx_word' id='word_1_249' title='bbox 1593 3653 1660 3705; x_wconf 88' lang='lat' dir='ltr'><strong>tres</strong></span> <span class='ocrx_word' id='word_1_250' title='bbox 1683 3663 1787 3705; x_wconf 88' lang='lat' dir='ltr'><strong>annos</strong></span> 
     </span>
     <span class='ocr_line' id='line_1_26' title="bbox 231 3749 1025 3831; baseline 0.001 -19"><span class='ocrx_word' id='word_1_251' title='bbox 231 3771 250 3812; x_wconf 89' lang='lat' dir='ltr'><strong>a</strong></span> <span class='ocrx_word' id='word_1_252' title='bbox 275 3749 442 3813; x_wconf 90' lang='lat' dir='ltr'><strong>solucione</strong></span> <span class='ocrx_word' id='word_1_253' title='bbox 466 3771 571 3813; x_wconf 89' lang='lat' dir='ltr'><strong>annue</strong></span> <span class='ocrx_word' id='word_1_254' title='bbox 595 3751 760 3831; x_wconf 89' lang='lat' dir='ltr'><strong>pensionis</strong></span> <span class='ocrx_word' id='word_1_255' title='bbox 785 3751 1025 3814; x_wconf 87' lang='lat' dir='ltr'><strong>libertaverunt.</strong></span> 
     </span>
    </p>
   </div>
   <div class='ocr_carea' id='block_1_8' title="bbox 444 3979 1126 4064">
    <p class='ocr_par' dir='ltr' id='par_1_8' title="bbox 444 3979 1126 4064">
     <span class='ocr_line' id='line_1_27' title="bbox 444 3979 1126 4064; baseline 0.001 -22"><span class='ocrx_word' id='word_1_256' title='bbox 444 3979 488 4043; x_wconf 87' lang='lat' dir='ltr'><strong>A.</strong></span> <span class='ocrx_word' id='word_1_257' title='bbox 520 3982 617 4058; x_wconf 87' lang='lat'><strong>1486,</strong></span> <span class='ocrx_word' id='word_1_258' title='bbox 643 3979 778 4044; x_wconf 88' lang='lat' dir='ltr'><strong>Ianuarii</strong></span> <span class='ocrx_word' id='word_1_259' title='bbox 809 3997 841 4044; x_wconf 92' lang='lat'><strong>11</strong></span> <span class='ocrx_word' id='word_1_260' title='bbox 861 3981 893 4064; x_wconf 83' lang='lat'><strong>¹),</strong></span> <span class='ocrx_word' id='word_1_261' title='bbox 919 3982 950 4044; x_wconf 91' lang='lat' dir='ltr'><strong>in</strong></span> <span class='ocrx_word' id='word_1_262' title='bbox 975 3981 1126 4063; x_wconf 82' lang='lat' dir='ltr'><strong>capitulo</strong></span> 
     </span>
    </p>
   </div>
   <div class='ocr_carea' id='block_1_9' title="bbox 231 4117 1789 4722">
    <p class='ocr_par' dir='ltr' id='par_1_9' title="bbox 231 4117 1789 4722">
     <span class='ocr_line' id='line_1_28' title="bbox 341 4117 1785 4205; baseline -0.001 -20"><span class='ocrx_word' id='word_1_263' title='bbox 341 4117 425 4188; x_wconf 83' lang='grc'><strong>763.</strong></span> <span class='ocrx_word' id='word_1_264' title='bbox 450 4122 520 4196; x_wconf 88' lang='lat' dir='ltr'><strong>(IV.</strong></span> <span class='ocrx_word' id='word_1_265' title='bbox 551 4124 673 4205; x_wconf 83' lang='lat'><strong>107⁰)..</strong></span> <span class='ocrx_word' id='word_1_266' title='bbox 698 4125 801 4186; x_wconf 91' lang='lat' dir='ltr'><strong>Rmus</strong></span> <span class='ocrx_word' id='word_1_267' title='bbox 825 4123 908 4186; x_wconf 91' lang='lat' dir='ltr'><strong>dnus</strong></span> <span class='ocrx_word' id='word_1_268' title='bbox 928 4123 1019 4204; x_wconf 84' lang='lat' dir='ltr'><strong>Epus</strong></span> <span class='ocrx_word' id='word_1_269' title='bbox 1036 4135 1069 4186; x_wconf 92' lang='lat' dir='ltr'><strong>et</strong></span> <span class='ocrx_word' id='word_1_270' title='bbox 1085 4123 1139 4185; x_wconf 93' lang='lat' dir='ltr'><strong>dni</strong></span> <span class='ocrx_word' id='word_1_271' title='bbox 1157 4121 1266 4184; x_wconf 84' lang='lat' dir='ltr'><strong>Adam</strong></span> <span class='ocrx_word' id='word_1_272' title='bbox 1285 4122 1439 4194; x_wconf 89' lang='lat' dir='ltr'><strong>decanus,</strong></span> <span class='ocrx_word' id='word_1_273' title='bbox 1462 4119 1671 4196; x_wconf 88' lang='lat' dir='ltr'><strong>Srzemensis,</strong></span> <span class='ocrx_word' id='word_1_274' title='bbox 1695 4121 1785 4184; x_wconf 89' lang='lat' dir='ltr'><strong>Pcze·</strong></span> 
     </span>
     <span class='ocr_line' id='line_1_29' title="bbox 233 4228 1785 4310; baseline 0 -20"><span class='ocrx_word' id='word_1_275' title='bbox 233 4231 350 4292; x_wconf 89' lang='lat' dir='ltr'><strong>wensis</strong></span> <span class='ocrx_word' id='word_1_276' title='bbox 366 4229 597 4304; x_wconf 90' lang='lat' dir='ltr'><strong>archidiaconi,</strong></span> <span class='ocrx_word' id='word_1_277' title='bbox 623 4229 784 4292; x_wconf 88' lang='lat' dir='ltr'><strong>Iohannes</strong></span> <span class='ocrx_word' id='word_1_278' title='bbox 802 4229 996 4302; x_wconf 74' lang='lat' dir='ltr'><strong>Lulcowslri,</strong></span> <span class='ocrx_word' id='word_1_279' title='bbox 1022 4229 1230 4310; x_wconf 83' lang='lat' dir='ltr'><strong>Rogalinski,</strong></span> <span class='ocrx_word' id='word_1_280' title='bbox 1256 4229 1427 4302; x_wconf 86' lang='lat' dir='ltr'><strong>Decanek,</strong></span> <span class='ocrx_word' id='word_1_281' title='bbox 1453 4228 1584 4300; x_wconf 88' lang='lat' dir='ltr'><strong>Hector,</strong></span> <span class='ocrx_word' id='word_1_282' title='bbox 1611 4229 1785 4308; x_wconf 83' lang='lat' dir='ltr'><strong>Czaczsky,</strong></span> 
     </span>
     <span class='ocr_line' id='line_1_30' title="bbox 232 4335 1789 4418; baseline -0.001 -20"><span class='ocrx_word' id='word_1_283' title='bbox 232 4335 390 4412; x_wconf 85' lang='lat' dir='ltr'><strong>officialis,</strong></span> <span class='ocrx_word' id='word_1_284' title='bbox 422 4336 539 4410; x_wconf 88' lang='lat' dir='ltr'><strong>Scora,</strong></span> <span class='ocrx_word' id='word_1_285' title='bbox 572 4337 755 4418; x_wconf 72' lang='lat' dir='ltr'><strong>Grilewslry</strong></span> <span class='ocrx_word' id='word_1_286' title='bbox 787 4349 819 4400; x_wconf 89' lang='lat' dir='ltr'><strong>et</strong></span> <span class='ocrx_word' id='word_1_287' title='bbox 846 4336 1032 4418; x_wconf 88' lang='lat' dir='ltr'><strong>Stephanus</strong></span> <span class='ocrx_word' id='word_1_288' title='bbox 1056 4337 1170 4417; x_wconf 88' lang='lat' dir='ltr'><strong>prelati</strong></span> <span class='ocrx_word' id='word_1_289' title='bbox 1195 4349 1227 4399; x_wconf 91' lang='lat' dir='ltr'><strong>et</strong></span> <span class='ocrx_word' id='word_1_290' title='bbox 1251 4337 1436 4398; x_wconf 89' lang='lat' dir='ltr'><strong>canonici..</strong></span> <span class='ocrx_word' id='word_1_291' title='bbox 1469 4337 1688 4418; x_wconf 88' lang='lat' dir='ltr'><strong>capitulariter</strong></span> <span class='ocrx_word' id='word_1_292' title='bbox 1711 4357 1789 4398; x_wconf 92' lang='lat' dir='ltr'><strong>con-</strong></span> 
     </span>
     <span class='ocr_line' id='line_1_31' title="bbox 232 4443 1787 4526; baseline 0.001 -21"><span class='ocrx_word' id='word_1_293' title='bbox 232 4445 403 4526; x_wconf 84' lang='lat' dir='ltr'><strong>gregati..</strong></span> <span class='ocrx_word' id='word_1_294' title='bbox 432 4454 615 4508; x_wconf 87' lang='lat' dir='ltr'><strong>statuerunt</strong></span> <span class='ocrx_word' id='word_1_295' title='bbox 644 4455 677 4506; x_wconf 92' lang='lat' dir='ltr'><strong>et</strong></span> <span class='ocrx_word' id='word_1_296' title='bbox 708 4445 892 4508; x_wconf 89' lang='lat' dir='ltr'><strong>indixerunt</strong></span> <span class='ocrx_word' id='word_1_297' title='bbox 922 4446 1151 4525; x_wconf 89' lang='lat' dir='ltr'><strong>synodum</strong></span> <span class='ocrx_word' id='word_1_298' title='bbox 1183 4444 1488 4507; x_wconf 77' lang='lat' dir='ltr'><strong>diocesariam</strong></span> <span class='ocrx_word' id='word_1_299' title='bbox 1520 4465 1580 4525; x_wconf 93' lang='lat' dir='ltr'><strong>pro</strong></span> <span class='ocrx_word' id='word_1_300' title='bbox 1612 4443 1688 4504; x_wconf 86' lang='lat' dir='ltr'><strong>seria</strong></span> <span class='ocrx_word' id='word_1_301' title='bbox 1722 4444 1787 4522; x_wconf 83' lang='lat' dir='ltr'><strong>3tia</strong></span> 
     </span>
     <span class='ocr_line' id='line_1_32' title="bbox 231 4551 1784 4632; baseline 0.001 -20"><span class='ocrx_word' id='word_1_302' title='bbox 231 4561 308 4631; x_wconf 91' lang='lat' dir='ltr'><strong>post</strong></span> <span class='ocrx_word' id='word_1_303' title='bbox 332 4551 428 4615; x_wconf 92' lang='lat' dir='ltr'><strong>Dom.</strong></span> <span class='ocrx_word' id='word_1_304' title='bbox 454 4551 622 4614; x_wconf 87' lang='lat' dir='ltr'><strong>Invocavit</strong></span> <span class='ocrx_word' id='word_1_305' title='bbox 645 4572 739 4632; x_wconf 88' lang='lat' dir='ltr'><strong>prox.</strong></span> <span class='ocrx_word' id='word_1_306' title='bbox 764 4563 797 4614; x_wconf 91' lang='lat' dir='ltr'><strong>et</strong></span> <span class='ocrx_word' id='word_1_307' title='bbox 821 4552 1013 4614; x_wconf 90' lang='lat' dir='ltr'><strong>citacionem</strong></span> <span class='ocrx_word' id='word_1_308' title='bbox 1038 4553 1069 4612; x_wconf 92' lang='lat' dir='ltr'><strong>in</strong></span> <span class='ocrx_word' id='word_1_309' title='bbox 1091 4551 1193 4614; x_wconf 81' lang='lat' dir='ltr'><strong>forma</strong></span> <span class='ocrx_word' id='word_1_310' title='bbox 1217 4551 1339 4612; x_wconf 85' lang='lat' dir='ltr'><strong>meliori</strong></span> <span class='ocrx_word' id='word_1_311' title='bbox 1364 4571 1423 4632; x_wconf 93' lang='lat' dir='ltr'><strong>pro</strong></span> <span class='ocrx_word' id='word_1_312' title='bbox 1448 4551 1564 4612; x_wconf 89' lang='lat' dir='ltr'><strong>eodem</strong></span> <span class='ocrx_word' id='word_1_313' title='bbox 1590 4552 1727 4612; x_wconf 91' lang='lat' dir='ltr'><strong>termino</strong></span> <span class='ocrx_word' id='word_1_314' title='bbox 1751 4563 1784 4614; x_wconf 88' lang='lat' dir='ltr'><strong>et</strong></span> 
     </span>
     <span class='ocr_line' id='line_1_33' title="bbox 232 4657 1283 4722; baseline 0 -2"><span class='ocrx_word' id='word_1_315' title='bbox 232 4657 283 4720; x_wconf 88' lang='lat' dir='ltr'><strong>die</strong></span> <span class='ocrx_word' id='word_1_316' title='bbox 309 4667 423 4720; x_wconf 89' lang='lat' dir='ltr'><strong>contra</strong></span> <span class='ocrx_word' id='word_1_317' title='bbox 444 4677 558 4722; x_wconf 90' lang='lat' dir='ltr'><strong>omnes</strong></span> <span class='ocrx_word' id='word_1_318' title='bbox 582 4659 724 4721; x_wconf 91' lang='lat' dir='ltr'><strong>decanos</strong></span> <span class='ocrx_word' id='word_1_319' title='bbox 748 4658 871 4721; x_wconf 88' lang='lat' dir='ltr'><strong>rurales</strong></span> <span class='ocrx_word' id='word_1_320' title='bbox 895 4657 1037 4720; x_wconf 89' lang='lat' dir='ltr'><strong>dandum</strong></span> <span class='ocrx_word' id='word_1_321' title='bbox 1060 4658 1283 4720; x_wconf 88' lang='lat' dir='ltr'><strong>decreverunt.</strong></span> 
     </span>
    </p>
   </div>
   <div class='ocr_carea' id='block_1_10' title="bbox 446 4895 1167 4978">
    <p class='ocr_par' dir='ltr' id='par_1_10' title="bbox 446 4895 1167 4978">
     <span class='ocr_line' id='line_1_34' title="bbox 446 4895 1167 4978; baseline 0 -20"><span class='ocrx_word' id='word_1_322' title='bbox 446 4895 488 4960; x_wconf 89' lang='lat' dir='ltr'><strong>A.</strong></span> <span class='ocrx_word' id='word_1_323' title='bbox 517 4897 617 4974; x_wconf 88' lang='lat'><strong>1486,</strong></span> <span class='ocrx_word' id='word_1_324' title='bbox 641 4895 709 4958; x_wconf 91' lang='lat' dir='ltr'><strong>lulii</strong></span> <span class='ocrx_word' id='word_1_325' title='bbox 738 4913 769 4970; x_wconf 93' lang='lat'><strong>1,</strong></span> <span class='ocrx_word' id='word_1_326' title='bbox 794 4898 825 4958; x_wconf 93' lang='lat' dir='ltr'><strong>in</strong></span> <span class='ocrx_word' id='word_1_327' title='bbox 850 4897 992 4978; x_wconf 90' lang='lat' dir='ltr'><strong>capitulo</strong></span> <span class='ocrx_word' id='word_1_328' title='bbox 1017 4896 1167 4978; x_wconf 85' lang='lat' dir='ltr'><strong>generali.</strong></span> 
     </span>
    </p>
   </div>
   <div class='ocr_carea' id='block_1_11' title="bbox 231 5033 1789 5443">
    <p class='ocr_par' dir='ltr' id='par_1_11' title="bbox 231 5033 1789 5443">
     <span class='ocr_line' id='line_1_35' title="bbox 341 5033 1786 5119; baseline -0.002 -18"><span class='ocrx_word' id='word_1_329' title='bbox 341 5033 427 5102; x_wconf 78' lang='lat'><strong>764.</strong></span> <span class='ocrx_word' id='word_1_330' title='bbox 453 5037 522 5118; x_wconf 89' lang='lat' dir='ltr'><strong>(IV.</strong></span> <span class='ocrx_word' id='word_1_331' title='bbox 553 5039 624 5118; x_wconf 88' lang='lat'><strong>110)</strong></span> <span class='ocrx_word' id='word_1_332' title='bbox 638 5088 664 5100; x_wconf 91' lang='lat'><strong>..</strong></span> <span class='ocrx_word' id='word_1_333' title='bbox 689 5039 793 5100; x_wconf 92' lang='lat' dir='ltr'><strong>Rmus</strong></span> <span class='ocrx_word' id='word_1_334' title='bbox 808 5087 834 5102; x_wconf 89' lang='lat'><strong>..</strong></span> <span class='ocrx_word' id='word_1_335' title='bbox 858 5037 940 5102; x_wconf 89' lang='lat' dir='ltr'><strong>dnus</strong></span> <span class='ocrx_word' id='word_1_336' title='bbox 966 5037 1055 5101; x_wconf 89' lang='lat' dir='ltr'><strong>Uriel</strong></span> <span class='ocrx_word' id='word_1_337' title='bbox 1078 5039 1169 5119; x_wconf 88' lang='lat' dir='ltr'><strong>Epus</strong></span> <span class='ocrx_word' id='word_1_338' title='bbox 1185 5037 1281 5100; x_wconf 83' lang='lat' dir='ltr'><strong>Pozn.</strong></span> <span class='ocrx_word' id='word_1_339' title='bbox 1300 5039 1340 5100; x_wconf 93' lang='lat' dir='ltr'><strong>de</strong></span> <span class='ocrx_word' id='word_1_340' title='bbox 1357 5057 1518 5100; x_wconf 89' lang='lat' dir='ltr'><strong>consensu</strong></span> <span class='ocrx_word' id='word_1_341' title='bbox 1536 5038 1640 5100; x_wconf 91' lang='lat' dir='ltr'><strong>tocius</strong></span> <span class='ocrx_word' id='word_1_342' title='bbox 1656 5037 1786 5119; x_wconf 90' lang='lat' dir='ltr'><strong>capituli</strong></span> 
     </span>
     <span class='ocr_line' id='line_1_36' title="bbox 231 5143 1789 5227; baseline 0 -21"><span class='ocrx_word' id='word_1_343' title='bbox 231 5143 375 5206; x_wconf 86' lang='lat' dir='ltr'><strong>decrevit</strong></span> <span class='ocrx_word' id='word_1_344' title='bbox 399 5155 432 5208; x_wconf 92' lang='lat' dir='ltr'><strong>et</strong></span> <span class='ocrx_word' id='word_1_345' title='bbox 456 5146 683 5220; x_wconf 90' lang='lat' dir='ltr'><strong>sentenciavit,</strong></span> <span class='ocrx_word' id='word_1_346' title='bbox 708 5145 795 5226; x_wconf 89' lang='lat' dir='ltr'><strong>quod</strong></span> <span class='ocrx_word' id='word_1_347' title='bbox 819 5145 860 5208; x_wconf 92' lang='lat' dir='ltr'><strong>de</strong></span> <span class='ocrx_word' id='word_1_348' title='bbox 884 5146 1181 5220; x_wconf 80' lang='lat' dir='ltr'><strong>mansis&#39;desertiS,</strong></span> <span class='ocrx_word' id='word_1_349' title='bbox 1207 5165 1265 5225; x_wconf 90' lang='lat' dir='ltr'><strong>per</strong></span> <span class='ocrx_word' id='word_1_350' title='bbox 1288 5165 1513 5227; x_wconf 91' lang='lat' dir='ltr'><strong>quemcunque</strong></span> <span class='ocrx_word' id='word_1_351' title='bbox 1531 5146 1705 5208; x_wconf 85' lang='lat' dir='ltr'><strong>arabuutur</strong></span> <span class='ocrx_word' id='word_1_352' title='bbox 1721 5145 1789 5206; x_wconf 87' lang='lat' dir='ltr'><strong>sive</strong></span> 
     </span>
     <span class='ocr_line' id='line_1_37' title="bbox 231 5251 1789 5333; baseline 0 -20"><span class='ocrx_word' id='word_1_353' title='bbox 231 5271 291 5332; x_wconf 90' lang='lat' dir='ltr'><strong>per</strong></span> <span class='ocrx_word' id='word_1_354' title='bbox 314 5251 439 5312; x_wconf 90' lang='lat' dir='ltr'><strong>nobiles</strong></span> <span class='ocrx_word' id='word_1_355' title='bbox 464 5252 531 5314; x_wconf 91' lang='lat' dir='ltr'><strong>sive</strong></span> <span class='ocrx_word' id='word_1_356' title='bbox 555 5273 613 5333; x_wconf 89' lang='lat' dir='ltr'><strong>per</strong></span> <span class='ocrx_word' id='word_1_357' title='bbox 630 5252 840 5328; x_wconf 78' lang='lat' dir='ltr'><strong>kmethoneS,</strong></span> <span class='ocrx_word' id='word_1_358' title='bbox 865 5253 1083 5316; x_wconf 90' lang='lat' dir='ltr'><strong>missalia</strong></span> <span class='ocrx_word' id='word_1_359' title='bbox 1107 5252 1189 5315; x_wconf 89' lang='lat' dir='ltr'><strong>solvi</strong></span> <span class='ocrx_word' id='word_1_360' title='bbox 1206 5251 1339 5325; x_wconf 91' lang='lat' dir='ltr'><strong>debent,</strong></span> <span class='ocrx_word' id='word_1_361' title='bbox 1365 5262 1461 5332; x_wconf 92' lang='lat' dir='ltr'><strong>prout</strong></span> <span class='ocrx_word' id='word_1_362' title='bbox 1477 5263 1553 5315; x_wconf 92' lang='lat' dir='ltr'><strong>tunc</strong></span> <span class='ocrx_word' id='word_1_363' title='bbox 1570 5252 1789 5326; x_wconf 92' lang='lat' dir='ltr'><strong>solvebantur,</strong></span> 
     </span>
     <span class='ocr_line' id='line_1_38' title="bbox 233 5357 1386 5443; baseline 0.002 -24"><span class='ocrx_word' id='word_1_364' title='bbox 233 5357 365 5440; x_wconf 90' lang='lat' dir='ltr'><strong>quando</strong></span> <span class='ocrx_word' id='word_1_365' title='bbox 389 5359 421 5419; x_wconf 92' lang='lat' dir='ltr'><strong>in</strong></span> <span class='ocrx_word' id='word_1_366' title='bbox 445 5358 566 5422; x_wconf 91' lang='lat' dir='ltr'><strong>eisdem</strong></span> <span class='ocrx_word' id='word_1_367' title='bbox 591 5361 711 5422; x_wconf 89' lang='lat' dir='ltr'><strong>mansis</strong></span> <span class='ocrx_word' id='word_1_368' title='bbox 735 5360 931 5423; x_wconf 74' lang='lat' dir='ltr'><strong>lrmethones</strong></span> <span class='ocrx_word' id='word_1_369' title='bbox 955 5358 1169 5443; x_wconf 90' lang='lat' dir='ltr'><strong>personaliter</strong></span> <span class='ocrx_word' id='word_1_370' title='bbox 1193 5359 1386 5422; x_wconf 90' lang='lat' dir='ltr'><strong>residebant.</strong></span> 
     </span>
    </p>
   </div>
   <div class='ocr_carea' id='block_1_12' title="bbox 231 5533 542 5543">
    <p class='ocr_par' dir='ltr' id='par_1_12' title="bbox 231 5533 542 5543">
     <span class='ocr_line' id='line_1_39' title="bbox 231 5533 542 5543; baseline 0 -4"><span class='ocrx_word' id='word_1_371' title='bbox 231 5533 542 5543; x_wconf 44' lang='lat' dir='ltr'>...fi-mh.-</span> 
     </span>
    </p>
   </div>
   <div class='ocr_carea' id='block_1_13' title="bbox 341 5655 1394 5728">
    <p class='ocr_par' dir='ltr' id='par_1_13' title="bbox 341 5655 1394 5728">
     <span class='ocr_line' id='line_1_40' title="bbox 341 5655 1394 5728; baseline 0.004 -22"><span class='ocrx_word' id='word_1_372' title='bbox 341 5655 359 5728; x_wconf 87' lang='lat'><strong>¹)</strong></span> <span class='ocrx_word' id='word_1_373' title='bbox 378 5657 446 5706; x_wconf 80' lang='lat' dir='ltr'><strong>Data</strong></span> <span class='ocrx_word' id='word_1_374' title='bbox 466 5675 488 5706; x_wconf 83' lang='lat' dir='ltr'>w</span> <span class='ocrx_word' id='word_1_375' title='bbox 508 5658 650 5724; x_wconf 85' lang='lat' dir='ltr'><strong>orygiuale:</strong></span> <span class='ocrx_word' id='word_1_376' title='bbox 673 5660 738 5708; x_wconf 86' lang='lat' dir='ltr'><strong>»Die</strong></span> <span class='ocrx_word' id='word_1_377' title='bbox 758 5659 889 5722; x_wconf 89' lang='lat' dir='ltr'><strong>Mercurii,</strong></span> <span class='ocrx_word' id='word_1_378' title='bbox 909 5659 1059 5709; x_wconf 86' lang='lat' dir='ltr'><strong>duodecima</strong></span> <span class='ocrx_word' id='word_1_379' title='bbox 1079 5659 1203 5708; x_wconf 79' lang='lat' dir='ltr'><strong>Ianuarii«</strong></span> <span class='ocrx_word' id='word_1_380' title='bbox 1223 5660 1271 5726; x_wconf 87' lang='lat' dir='ltr'><strong>jest</strong></span> <span class='ocrx_word' id='word_1_381' title='bbox 1292 5658 1394 5726; x_wconf 75' lang='lat' dir='ltr'><strong>blqduq.</strong></span> 
     </span>
    </p>
   </div>
   <div class='ocr_carea' id='block_1_14' title="bbox 0 0 2217 6356">
    <p class='ocr_par' dir='ltr' id='par_1_14' title="bbox 0 0 2217 6356">
     <span class='ocr_line' id='line_1_41' title="bbox 0 0 2217 6356; baseline 0 0"><span class='ocrx_word' id='word_1_382' title='bbox 0 0 2217 6356; x_wconf 95' lang='lat' dir='ltr'><strong> </strong></span> 
     </span>
    </p>
   </div>
  </div>
 </body>
</html>
