4458 6356
841 599 1019 650 ANNORUM
1041 597 1224 652 1450-1451.

261 691 785 700 n—..--——-—--—-—.—
794 693 809 698 -
821 693 928 699 --.—..
1008 691 1133 699 -..-.---.
1195 691 1377 698 u—ffl-——--

468 812 509 874 A.
546 829 635 892 1450,
663 813 856 875 Novembris
887 831 933 891 14,
958 815 989 874 in
1013 813 1155 894 capitulo
1180 813 1331 892 generali.

366 949 450 1020 389.
476 955 521 1034 (11.
554 955 648 1034 130⁰).
683 956 765 1018 Item
791 956 908 1018 ibidem
934 956 988 1017 dni
1012 957 1157 1016 canonici
1182 953 1376 1016 Srzedenses
1401 957 1572 1034 protestati
1597 965 1672 1016 sunt
1697 954 1737 1016 de
1762 975 1813 1033 pa·

260 1061 360 1122 rendo
384 1062 544 1124 mandatis
568 1073 601 1124 et
626 1064 845 1125 commissioni
870 1063 924 1124 dni
948 1063 1049 1143 Regis
1071 1073 1184 1124 contra
1209 1063 1410 1144 prepositum
1436 1062 1475 1123 de
1499 1061 1627 1123 ibidem.

368 1183 454 1250 390.
480 1187 586 1268 (ibid.)
620 1186 701 1249 Item
736 1187 901 1268 egregium
934 1187 1102 1250 doctorem
1135 1188 1164 1247 111
1191 1187 1355 1248 medicinis
1380 1186 1477 1247 dnum
1502 1185 1720 1248 Godeiredum
1745 1207 1814 1248 exe·

260 1303 386 1354 merunt
411 1314 429 1353 a
454 1293 656 1356 iurisdicione
681 1294 816 1356 seculari
840 1295 870 1354 in
896 1294 1015 1356 diocesi
1040 1295 1260 1356 Poznaniensi.

370 1415 455 1484 391.
481 1419 529 1500 (11.
562 1422 644 1498 131).
676 1419 756 1482 Item
784 1419 864 1492 dnis,
889 1421 943 1502 qui
968 1431 1059 1482 erant
1084 1423 1114 1480 in
1140 1420 1449 1480 convencione
1483 1420 1521 1480 in
1556 1419 1663 1482 Colo
1688 1419 1817 1481 cuilibet

261 1527 400 1570 marcam
425 1509 637 1572 donaverunt.

474 1690 516 1766 A.
547 1717 637 1782 1451,
662 1703 795 1765 Ianuarii
823 1721 872 1781 30,
898 1705 928 1764 in
953 1704 1103 1783 capitulo.

368 1842 453 1910 392.
480 1845 527 1924 (11.
558 1847 650 1926 133⁰).
676 1846 736 1908 Die
761 1845 933 1909 Saturni..
959 1847 1163 1926 presentibus
1188 1846 1330 1908 iohanne
1355 1846 1394 1906 de
1420 1845 1587 1906 Babimost
1611 1857 1643 1906 et
1661 1845 1759 1906 Paulo
1777 1845 1817 1907 de
1913 1905 1914 1912 ,

259 1949 453 2024 Grochowo,
478 1953 662 2034 requirente
687 1952 870 2015 Venceslao
896 1954 934 2014 de
953 1953 1095 2033 Pnyewo
1113 1953 1359 2026 subexecutore,
1385 1953 1509 2016 vicariis
1527 1953 1691 2032 perpetuis
1708 1971 1815 2012 vener.

260 2059 313 2119 dni
337 2059 497 2121 lohannes
522 2061 562 2122 de
588 2060 803 2140 Nyewyesch,
830 2060 982 2122 Nicolaus
1007 2062 1047 2122 de
1072 2060 1298 2130 Glambocecz,
1325 2060 1436 2122 Petrus
1461 2070 1583 2130 cantor,
1608 2059 1813 2130 SrzemensiS,

260 2166 448 2228 Pczevensis
469 2167 696 2240 archidiaconi,
719 2167 871 2240 officialis,
897 2167 1028 2238 Hector,
1053 2166 1212 2236 Clemens,
1239 2167 1417 2236 hliroslaus,
1443 2165 1626 2246 Vyskotha,
1653 2164 1815 2240 Czaczslri,

260 2271 484 2356 Sandivogius
517 2273 670 2336 Nicolaus
703 2275 742 2336 de
775 2275 991 2354 Nyewyesch,
1025 2273 1185 2336 lohannes
1217 2275 1257 2335 de
1288 2273 1441 2354 Popou·0,
1474 2271 1639 2342 Skothslri,
1673 2271 1815 2344 Chibski,

259 2381 466 2462 Rogalinslry
489 2382 557 2443 visa
582 2393 614 2444 et
639 2382 747 2444 audita
771 2383 1001 2462 acceptacione
1026 2394 1058 2443 et
1083 2383 1269 2462 provisione
1290 2401 1416 2442 necnon
1434 2400 1588 2461 processu
1606 2379 1815 2442 executoriali

260 2487 313 2549 dni
337 2487 521 2568 Wyschote
545 2490 704 2569 prepositi
728 2510 765 2550 ac
791 2489 1038 2568 presentacione
1062 2490 1116 2550 dni
1141 2489 1243 2570 Regis
1267 2490 1385 2550 inserta
1410 2499 1442 2550 et
1468 2497 1601 2566 recepto
1633 2487 1673 2548 de
1706 2486 1814 2548 obser·

259 2595 372 2658 vandis
397 2596 526 2658 statutis
551 2606 583 2658 et
608 2596 896 2658 consuetudinibus
919 2597 1080 2676 corporali
1113 2597 1293 2658 iuramento
1326 2605 1518 2676 receperunt
1550 2594 1648 2656 dnum
1681 2593 1814 2656 Paulum

260 2701 385 2764 Nicolai
408 2703 448 2764 de
473 2701 614 2766 Grabow
639 2704 898 2766 archidiaconum
924 2703 1152 2766 Lublinensem
1178 2704 1249 2765 aule
1282 2705 1369 2784 regie
1401 2702 1626 2765 thezaurorum
1657 2700 1813 2782 regalium

260 2811 420 2872 notarium
445 2811 475 2871 in
500 2812 689 2872 canonicum
715 2822 747 2873 et
771 2813 802 2872 in
827 2811 959 2874 fratrem
984 2811 1024 2872 ad
1049 2811 1275 2874 canonicatum
1300 2821 1332 2873 et
1350 2809 1549 2890 prebendam
1568 2817 1721 2870 vacantes
1739 2817 1814 2888 post

260 2927 398 2980 mortem
424 2917 477 2979 dni
502 2918 654 2981 iohannis
678 2919 821 2981 Rakvicz
837 2970 864 2981 ..

473 3113 513 3173 A.
544 3127 633 3192 1451,
659 3113 824 3176 Februarii
850 3129 900 3189 24,
925 3112 956 3172 in
981 3110 1132 3191 capitulo

368 3250 452 3316 393.
478 3254 527 3336 (ΙΙ.
559 3255 655 3334 134⁰).
689 3254 749 3316 Die
774 3253 965 3316 Mercurii..
990 3253 1150 3314 lohannes
1175 3252 1214 3313 de
1240 3251 1411 3314 Babimost
1436 3253 1563 3332 publice
1589 3253 1669 3334 legit
1693 3252 1813 3314 bullam

259 3361 313 3420 dni
339 3359 378 3422 N.
404 3381 489 3441 pape
513 3361 569 3424 Vti
594 3363 634 3424 de
659 3362 735 3423 data
759 3362 819 3424 sub
851 3361 943 3422 annis
976 3360 1029 3421 dni
1062 3358 1382 3422 M⁰CCCC⁰XLVII⁰
1404 3359 1479 3422 Idus
1504 3359 1580 3432 lulii,
1606 3359 1813 3440 pontificatus

260 3467 401 3529 eiusdem
426 3488 511 3530 anno
536 3469 548 3529 1
573 3489 676 3550 super,
703 3470 969 3550 incorporacione
985 3468 1094 3530 altaris
1119 3488 1144 3529 s.
1170 3467 1253 3528 Petri
1278 3478 1353 3529 ante
1371 3467 1502 3528 chorum
1521 3466 1656 3528 ecclesie
1673 3465 1811 3527 Poznan.

260 3595 319 3654 pro
345 3575 584 3638 consessoribus
609 3577 821 3656 incorporati;
855 3575 1058 3656 presentibus
1083 3573 1240 3636 Michaele
1265 3574 1479 3646 vicecustode‚
1505 3573 1671 3636 Dobeslao
1694 3573 1814 3635 vicario

260 3691 293 3743 et
314 3681 383 3744 aliis
408 3682 523 3753 multis,
549 3703 646 3762 super
670 3683 785 3764 quibus
809 3683 892 3744 dnus
910 3681 948 3744 N,
969 3693 1079 3744 custos
1105 3683 1218 3762 petivit
1243 3683 1469 3758 instrumenta;
1487 3691 1520 3743 et
1537 3681 1659 3760 recepit
1675 3681 1812 3742 eandem

260 3799 292 3850 et
315 3788 515 3870 privilegium
540 3791 629 3852 ducis
653 3789 695 3850 W
710 3791 908 3852 ladislai
933 3809 1030 3870 super
1053 3789 1227 3851 concordia
1251 3789 1291 3850 de
1316 3789 1447 3850 decimis
1472 3799 1505 3850 et
1529 3787 1597 3850 aliis
1621 3787 1812 3849 differenciis

259 3897 469 3976 interipsum
495 3907 528 3959 et
552 3897 720 3959 ecclesiam
745 3896 883 3959 Poznan.
908 3897 1000 3974 lacta,
1026 3897 1189 3960 delaturus
1212 3916 1250 3958 ea
1274 3907 1350 3958 tunc
1374 3895 1415 3956 ad
1440 3895 1540 3956 dnum
1564 3893 1682 3974 Epum.

473 4090 515 4152 A.
547 4105 637 4170 1451,
662 4091 785 4172 Aprilis
814 4093 859 4166 16,
885 4093 916 4152 in
941 4091 1091 4172 capitulo

368 4227 453 4297 394.
479 4233 527 4308 (ll.
557 4233 651 4314 135⁰).
685 4233 807 4296 Ibidem
833 4233 916 4296 dnos
940 4234 1109 4297 custodem
1134 4243 1167 4296 et
1191 4233 1344 4295 Iacobum
1369 4229 1531 4294 Grandslri
1556 4231 1597 4291 ad
1622 4250 1815 4293 conven·

260 4339 443 4401 cionem
474 4340 506 4400 in
538 4338 654 4403 Colo
687 4361 746 4422 pro
779 4341 939 4403 dominica
975 4339 1212 4422 ‚Quasimodoc
1245 4341 1394 4420 proxime
1419 4337 1612 4400 celebranda
1637 4339 1737 4401 ituros
1761 4337 1816 4399 de-

260 4456 421 4527 putarunt.

368 4549 454 4618 395.
488 4551 593 4636 (lbid.)
626 4554 707 4618 ltem
740 4555 858 4617 ibidem
890 4555 1116 4618 concluserunt
1149 4555 1358 4628 declarantes,
1391 4553 1477 4634 quod
1510 4553 1591 4615 dnus
1622 4551 1749 4616 Luthco
1774 4553 1815 4615 de

260 4659 394 4723 Brzesze
418 4663 591 4724 canonicus
622 4661 761 4725 Poznan.
794 4683 836 4725 ex
864 4683 929 4744 quo
958 4662 1090 4743 perfecit
1121 4661 1217 4724 fatale
1249 4682 1307 4743 per
1338 4661 1514 4742 capitulum
1546 4661 1586 4722 de
1610 4659 1814 4723 studentibus

259 4778 416 4831 statutum
440 4778 472 4831 et
496 4769 615 4832 habeat
646 4771 709 4834 iam
734 4771 870 4851 insignia
901 4771 1105 4842 doctoratus,
1142 4789 1273 4832 censum
1298 4768 1337 4830 de
1361 4789 1446 4830 anno
1472 4767 1626 4848 preterito
1651 4767 1690 4829 de
1711 4765 1813 4847 Byen-

260 4875 357 4937 kowo
382 4887 413 4938 et
437 4877 589 4957 deinceps
614 4877 739 4940 solvere
764 4889 922 4941 teneatur.

472 5053 514 5116 A.
544 5070 635 5134 1451,
660 5053 784 5134 Aprilis
809 5057 859 5128 28,
885 5057 916 5116 in
941 5054 1093 5134 capitulo.

367 5191 452 5258 396.
484 5195 534 5276 (11.
566 5197 647 5274 136).
685 5195 745 5257 Die
778 5196 971 5258 Mercurii..
1004 5215 1110 5257 vener.
1143 5195 1196 5256 dni
1228 5196 1422 5276 prepositus,
1454 5203 1575 5268 custos
1606 5191 1813 5269 Srzemensis,

258 5299 448 5364 Pczevensis
464 5301 686 5372 archidiaconi,
711 5301 863 5377 officialis,
881 5303 1013 5378 Hector,
1031 5301 1190 5374 Clemens,
1208 5301 1356 5372 Mathias,
1373 5299 1547 5382 Wyslrota,
1564 5299 1811 5380 Twardowsky,

260 5405 421 5482 czaczski,
445 5406 669 5491 Sandivogius,
694 5409 856 5472 lohannes
883 5411 923 5472 de
947 5409 1101 5490 Popowo,
1130 5407 1286 5489 Chibsky,
1319 5407 1526 5491 Rogalinslry
1558 5417 1591 5470 et
1622 5405 1813 5488 Pythowslri

260 5514 374 5594 prelati
407 5525 440 5577 et
471 5517 617 5578 canonici
648 5514 806 5578 habentes
838 5537 897 5597 pro
929 5517 1065 5578 multum
1097 5526 1193 5598 grato
1226 5526 1259 5578 et
1290 5525 1436 5597 accept0,
1469 5515 1558 5596 quod
1589 5514 1671 5576 dnus
1703 5513 1812 5576 Adam

262 5621 506 5706 Dambrowslry
531 5623 691 5706 magnifici
715 5623 802 5686 Luce
827 5623 959 5706 palatini
982 5623 1119 5686 Poznan.
1145 5625 1288 5686 notarius
1314 5643 1379 5685 non
1403 5623 1587 5706 postulatus
1612 5641 1671 5685 nec
1697 5622 1811 5686 missus
