4416 6366
447 665 491 726 82
953 663 1048 712 ACTA
1067 663 1228 712 CAPITULl
1249 661 1502 712 PozNaNfflNsls

1110 757 1118 760 -
1137 756 1166 760 —
1227 755 1256 761 -..
1314 756 1348 761 —.
1378 755 1429 761 -.—
1484 756 1513 760 .-
1588 757 1603 760 -
1636 757 1650 760 -
1673 755 1754 762 -....—.
1768 755 1913 763 Μ-ῴ-
1923 755 2002 762 -——-

448 877 502 936 dni
526 875 634 937 lacobi
659 877 698 938 de
723 876 910 956 Vigonowo
944 875 1159 936 archidiaconi
1193 875 1382 938 Peaevensis
1418 875 1561 940 eiusdem
1586 876 1682 940 studii
1706 877 1875 950 studentis
1900 879 2004 956 ipsum

448 994 638 1064 reputarunt
662 1003 722 1063 pro
746 983 904 1056 studente¹
923 983 1046 1063 sibique
1071 984 1111 1044 de
1136 984 1283 1044 subsidio
1305 984 1394 1044 iuxta
1420 981 1555 1044 10110410
1580 984 1692 1046 statuti
1717 984 1945 1046 concluserunt
1969 1003 2003 1045 se

447 1089 531 1151 velle
555 1111 785 1170 responsuros;
821 1090 943 1151 Mathia
967 1090 1211 1170 quodammodo
1243 1092 1371 1152 dicente
1395 1091 1658 1172 suspendendum
1688 1091 1729 1152 ad
1753 1091 1928 1172 capitulum
1953 1111 2003 1172 ge

450 1197 558 1258 001410
582 1198 776 1276 proximum.

661 1409 705 1471 A.
736 1425 834 1487 1452,
859 1407 935 1470 Maii
960 1425 1017 1478 20,
1043 1409 1072 1470 10
1098 1409 1251 1490 capitulo

551 1547 639 1614 407.
664 1549 712 1630 (ll.
743 1550 835 1628 1441)Ι
854 1600 883 1612 ..
909 1549 1027 1612 Vener.
1052 1551 1106 1610 dni
1130 1599 1157 1612 ..
1181 1551 1248 1612 visa
1272 1551 1461 1616 investitura
1485 1551 1538 1612 dni
1563 1550 1633 1631 Epi,
1657 1550 1698 1612 ad
1722 1552 1999 1631 presentacionem

445 1655 512 1718 Smi
529 1658 683 1738 principis
707 1657 733 1718 B
747 1677 767 1716 0
781 1657 789 1717 l
803 1677 820 1718 0
833 1679 848 1718 s
862 1657 870 1718 l
885 1657 925 1718 ai
949 1657 1038 1718 ducis
1061 1657 1207 1718 Mazovie
1224 1657 1318 1726 sacta,
1335 1669 1526 1738 receperunt
1542 1678 1649 1719 vener.
1666 1669 1699 1720 et
1716 1659 1883 1738 egregium
1900 1659 2001 1720 virum

445 1763 543 1824 dnum
582 1763 749 1824 Nicolaum
779 1765 818 1825 de
842 1764 1019 1826 Rasznicza
1053 1765 1255 1826 decretorum
1294 1765 1461 1826 doctorem
1493 1765 1523 1826 in
1548 1762 1807 1826 archidiaconum
1833 1765 2002 1827 Warscho-

444 1872 629 1934 viensem..
655 1871 696 1932 ad
719 1872 1013 1933 archidiaconatum
1046 1883 1216 1933 vacantem
1241 1891 1404 1932 excausa
1436 1871 1688 1950 permutacionis
1714 1892 1773 1951 pro
1798 1875 2001 1952 prepositura

446 1977 634 2040 Warschov.
658 1977 922 2058 interpretatum
953 1978 1052 2043 dnum
1084 1979 1252 2040 doctorem
1277 1989 1309 2040 et
1334 1977 1510 2040 Iohannem
1536 1979 1577 2040 de
1601 1978 1776 2042 Drzevicza
1800 1979 1876 2041 olim
1901 1979 2005 2040 archi-

444 2085 616 2145 diaconum
642 2085 833 2148 Warschov.
859 2085 943 2147 lacte
957 2133 986 2146 ..

658 2314 702 2376 A.
733 2328 824 2394 1452,
848 2301 927 2376 101111
953 2331 1002 2392 30,
1029 2315 1058 2374 in
1084 2315 1228 2395 capitulo
1253 2315 1406 2396 generali.

475 2505 477 2510 -
550 2453 640 2520 408.
674 2455 706 2537 (f.
737 2461 820 2536 145).
868 2455 1142 2536 Capitulum
1179 2457 1413 2538 generale
1450 2478 1509 2538 pro
1541 2457 1625 2520 sesto
1657 2457 1893 2539 apostolorum.
1940 2457 2000 2518 Die

444 2565 602 2625 Veneris.
617 2613 623 2625 .
637 2583 757 2639 senet.
782 2563 817 2625 'et
840 2563 954 2624 honor.
978 2575 1088 2644 patres
1113 2577 1145 2626 et
1170 2565 1223 2626 dni
1243 2563 1424 2645 thschota
1443 2565 1643 2646 prepositus,
1670 2564 1822 2626 Nicolaus
1839 2564 1879 2626 de
1896 2561 2000 2626 Glam-
2048 2647 2052 2653 ⁸

443 2671 564 2732 bocecz
587 2669 843 2742 archidiaconus,
869 2669 1023 2732 Nicolaus
1047 2681 1171 2742 custos,
1195 2669 1338 2733 Slawnik
1361 2672 1585 2746 cancellarius,
1609 2671 1747 2733 lacobus
1767 2670 2000 2736 Praszmowslri

443 2777 642 2840 Srzemensis
665 2776 923 2850 archidiaconus,
951 2775 1150 2857 Predvogius
1175 2779 1360 2860 prepositus
1383 2776 1514 2852 Gnezn,
1540 2778 1702 2842 Iohannes
1727 2779 1767 2841 de
1790 2775 1999 2860 Nyewyesch

443 2885 586 2946 decanus
610 2883 817 2954 Wladislaw,
842 2883 980 2945 lacobus
1004 2885 1044 2945 de
1068 2883 1109 2944 W
1114 2886 1267 2964 igonowo
1291 2884 1452 2958 officialis,
1484 2885 1618 2960 Hector,
1642 2887 1771 2950 Luthco
1795 2887 1835 2948 de
1859 2886 1999 2964 Brzezye

444 2992 519 3054 iuris
544 2991 709 3072 utriusque
733 2991 856 3062 doctor,
881 2990 1034 3062 Mathias,
1059 2988 1229 3065 Skothski,
1255 2992 1429 3074 Wyskota,
1455 2991 1592 3056 Iacobus
1616 2993 1657 3055 de
1681 2992 1815 3066 Grandi,
1839 2991 1998 3064 Clemens,

442 3098 602 3160 laroslaus
636 3095 881 3171 Kancolewslri,
916 3097 1076 3159 lohannes
1112 3097 1253 3160 Furman
1282 3105 1408 3173 custos,
1444 3100 1581 3163 lacobus
1617 3101 1656 3162 de
1681 3099 1833 3162 Dambno
1858 3101 1998 3162 decanus

443 3203 1171 3278 111111140114010110111001441110460010,
1207 3205 1365 3268 Iohannes
1401 3207 1441 3268 de
1466 3207 1582 3278 Czacz,
1619 3205 1778 3279 Sbilutus,
1815 3206 1996 3284 1411141104,

442 3312 671 3394 Sandivogius,
707 3307 911 3394 Rogalinski,
947 3311 1080 3374 Chibslri
1111 3323 1144 3374 et
1175 3311 1363 3392 Pythowsld
1386 3313 1427 3374 ad
1451 3333 1566 3376 sonum
1591 3335 1748 3396 campane
1772 3314 1998 3404 capitulariter,

443 3421 646 3503 congregati.

549 3559 636 3628 409.
668 3561 750 3624 Item
775 3573 1022 3634 consenserunt,
1047 3563 1134 3642 quod
1158 3563 1241 3624 dnus
1266 3561 1357 3642 Epus
1381 3573 1473 3642 petat
1497 3562 1674 3624 subsidium
1698 3583 1717 3624 a
1741 3563 1827 3624 clero
1852 3583 1909 3625 sue
1933 3561 1995 3623 dio

442 3671 525 3735 cesis
549 3691 610 3750 pro
634 3669 805 3732 reficienda
828 3670 964 3732 ecclesia
996 3671 1128 3745 maiore,
1158 3680 1279 3750 expost
1303 3689 1375 3731 cum
1399 3669 1543 3749 capitulo
1567 3669 1608 3732 ad
1632 3669 1694 3732 1101
1719 3670 1759 3731 de
1784 3669 1905 3731 fabrica
1928 3670 1996 3730 sive

441 3778 685 3840 contribucione
709 3788 913 3840 tractaturus

654 3987 695 4049 A.
725 4001 815 4066 1452,
841 3987 908 4050 Iulii
938 4006 970 4060 1,
995 3989 1025 4048 in
1050 3988 1193 4070 capitulo
1217 3989 1371 4068 generali.

549 4107 638 4194 410.
665 4129 696 4208 (1.
728 4131 826 4210 1450).
850 4129 1088 4192 Statutum
1113 4167 1154 4175 -
1180 4131 1401 4192 Attendentes
1422 4131 1475 4192 dni
1493 4131 1717 4210 suprascripti,
1742 4129 1829 4210 quod
1847 4129 1878 4190 in
1895 4129 1994 4190 iniciis

441 4239 657 4319 capitulorum
683 4237 881 4320 generalium
908 4258 1046 4317 persone
1070 4237 1253 4318 spirituales
1277 4247 1310 4300 et
1333 4237 1496 4298 mundane
1526 4238 1567 4299 ad
1599 4237 1768 4298 ecclesiam
1794 4235 1993 4317 frequencius

440 4357 637 4408 concurrunt
659 4345 814 4408 nonnulla
838 4347 976 4427 negocia
1000 4345 1173 4406 celeritatis
1204 4355 1237 4406 et
1268 4345 1441 4425 aliquando
1473 4347 1573 4407 eciam
1607 4347 1833 4427 perpetuitatis
1864 4343 1992 4425 expedi-

439 4457 565 4516 cionem
590 4455 805 4540 importancia
829 4454 869 4514 ad
894 4453 1070 4533 capitulum
1102 4451 1296 4520 deserentes,
1329 4472 1391 4532 que
1415 4453 1489 4514 licet
1513 4473 1571 4533 pro
1596 4473 1731 4514 numero
1756 4472 1879 4532 paucos
1903 4451 1992 4521 dnos,

438 4563 496 4625 sed
520 4573 628 4624 tamen
653 4581 726 4622 cum
750 4561 839 4623 tedio
864 4569 896 4622 et
920 4560 1080 4622 interdurn
1113 4579 1185 4620 cum
1214 4555 1290 4622 01110
1315 4570 1452 4638 possunt
1481 4560 1532 4622 vel
1565 4560 1713 4622 consulte
1744 4569 1909 4640 nequeunt
1941 4556 1992 4618 dil·

438 4669 534 4744 110111,
570 4669 723 4750 quodque
758 4669 798 4730 de
833 4668 940 4729 taliter
975 4665 1115 4728 diffinitis
1150 4685 1259 4728 001410
1292 4667 1353 4742 eis,
1389 4687 1449 4746 pro
1474 4667 1591 4749 quibus
1615 4677 1690 4730 sunt
1713 4677 1877 4729 transacta
1901 4665 1991 4728 tarde

438 4777 603 4839 venientes
628 4776 682 4837 dni
706 4797 741 4837 se
765 4786 923 4837 excusant
947 4785 1002 4836 aut
1025 4784 1165 4854 arguunt
1189 4773 1339 4846 diffinita,
1364 4773 1423 4835 sibi
1448 4775 1488 4836 de
1512 4793 1620 4836 marca
1643 4773 1812 4853 capitulari
1837 4771 1992 4853 equaliter

437 4905 510 4945 cum
535 4885 645 4964 primis
670 4883 859 4962 responderi
885 4880 1109 4943 nichilominus
1138 4882 1358 4962 postulantes,
1391 4862 1585 4962 cum'igitur
1608 4883 1650 4944 sit
1674 4891 1788 4944 nature
1812 4897 1990 4942 consonum

436 4991 509 5052 illos
532 5010 598 5052 000
623 4990 744 5052 11011010
767 4991 868 5052 vitare
892 5010 1007 5063 onera,
1031 4991 1085 5070 qui
1101 5009 1206 5050 rerum
1223 4987 1397 5050 commoda
1413 4988 1682 5067 complectuntur,
1706 4987 1842 5068 proinde
1857 4987 1988 5068 dignum

436 5099 581 5160 arbitrari
606 5099 797 5162 unanimiter
820 5107 1017 5168 statuerunt,
1043 5097 1132 5177 quod
1156 5097 1215 5158 nisi
1240 5097 1311 5177 quis
1335 5115 1445 5157 eorum
1470 5095 1511 5156 ad
1528 5115 1686 5158 summam
1704 5095 1836 5158 missam
1853 5094 1989 5157 infestis

435 5205 604 5268 beatorum
628 5205 712 5268 Petri
737 5217 770 5268 et
793 5205 881 5267 Pauli
906 5206 1130 5287 apostolorum
1155 5216 1189 5267 et
1213 5205 1342 5265 Martini
1366 5201 1571 5265 Confessoris
1595 5202 1646 5264 vel
1671 5203 1726 5264 illo
1750 5203 1819 5276 die,
1843 5221 1903 5283 pro
1926 5220 1990 5282 quo

435 5313 585 5393 generale
610 5313 785 5392 capitulum
811 5313 976 5383 indicatur,
1004 5312 1046 5374 ad
1069 5312 1239 5374 ecclesiam
1271 5309 1410 5370 Poznan,
1435 5311 1568 5382 venerit,
1592 5312 1790 5391 veniensque
1808 5329 1872 5370 000
1889 5309 1992 5390 petita

434 5431 466 5482 et
491 5420 626 5482 obtenta
651 5420 782 5482 licencia
807 5420 993 5494 recesserit,
1018 5419 1091 5481 talis
1116 5437 1224 5480 014114
1248 5415 1416 5496 capitulari
1433 5415 1515 5478 illius
1531 5417 1663 5497 capituli
1680 5427 1788 5479 careat
1804 5417 1876 5496 ipso
1894 5415 1989 5478 14010.
2046 5404 2058 5415 “

540 5558 629 5626 411.
654 5561 735 5624 11101
760 5573 917 5626 statutum
935 5561 975 5623 de
995 5561 1200 5624 studentibus
1217 5558 1383 5622 conditum
1401 5559 1643 5640 restringentes,
1661 5558 1817 5620 intrantes
1834 5579 1876 5620 ex
1893 5576 2001 5618 causa-

434 5671 685 5752 permutacionis
709 5679 923 5754 exceperunt,
952 5669 977 5731 si
1001 5668 1151 5731 videlicet
1175 5668 1288 5729 exiens
1311 5675 1501 5749 permutans
1525 5667 1576 5727 vel
1601 5685 1771 5730 remanens
1795 5663 1989 5730 refectiones
