4458 6356
847 551 1028 608 ANNORUM
1048 549 1233 610 utu-1447.

265 639 565 652 ann—uum-
575 647 709 652 ..-.--.-
727 648 810 654 -.-...
832 648 1191 657 ....-...-,-.-,.-..,.

470 765 513 830 A.
544 769 635 846 1446,
660 765 862 850 Septembris
891 785 937 842 11,
963 768 994 830 in
1019 766 1176 848 capitulo

367 904 453 974 330.
479 909 529 991 (ll.
553 911 617 990 75),
651 910 733 974 Item
758 909 831 972 dnis
866 910 1094 973 archidiacono
1130 907 1373 992 Glamboczslry
1407 920 1440 973 et
1464 909 1591 974 officiali
1627 911 1816 976 dimiserunt

259 1014 390 1078 cuilibet
413 1036 472 1096 per
494 1035 591 1078 unam
615 1037 815 1099 sexagenam
840 1019 969 1080 racione
993 1019 1060 1092 vie,
1085 1037 1181 1099 quam
1206 1017 1349 1080 fecerunt
1374 1037 1446 1079 cum
1471 1018 1537 1082 dno
1553 1018 1628 1101 Epo
1644 1019 1685 1082 ad
1703 1020 1817 1083 ducem

260 1121 408 1185 Mazovie
431 1121 659 1198 Wladislaum,
683 1125 749 1187 dno
774 1123 1001 1188 archidiacono
1025 1126 1098 1206 plus
1122 1135 1267 1206 petente.

473 1315 520 1378 A.
547 1319 639 1397 1446,
663 1317 860 1382 Novembris
889 1321 936 1401 18,
962 1320 993 1382 in
1017 1319 1160 1400 capitulo
1185 1318 1337 1402 generali.

367 1453 453 1521 331.
479 1458 525 1540 (ΙΙ.
550 1461 612 1542 77).
647 1459 728 1524 Item
753 1459 825 1522 dnis
849 1459 991 1535 officiali,
1027 1461 1155 1524 custodi
1184 1471 1217 1524 et
1240 1461 1418 1524 Wladislao
1454 1461 1583 1524 racione
1618 1462 1685 1536 vie,
1721 1481 1816 1544 quam

259 1566 403 1628 lecerunt
427 1564 468 1627 de
491 1566 647 1630 mandato
670 1567 802 1647 capituli
825 1567 866 1629 ad
890 1569 1268 1631 convencionem
1305 1569 1348 1630 in
1377 1567 1564 1643 Srzoda,
1601 1568 1816 1632 decreverunt

258 1673 325 1736 dari
349 1670 480 1735 cuilibet
505 1693 563 1754 per
587 1675 727 1737 mediam
753 1693 903 1738 marcam.

472 1866 515 1929 A.
546 1869 644 1946 1446,
669 1867 862 1932 Decembris
891 1889 944 1949 14,
969 1869 1000 1932 in
1025 1870 1179 1951 capitulo.

367 2005 454 2074 332,
481 2009 530 2091 (Il.
555 2011 666 2092 77⁰)..
692 2010 812 2074 Vener.
838 2011 891 2073 dni
916 2013 1119 2092 preposituS,
1152 2012 1411 2086 archidiaconus,
1444 2021 1570 2086 custos,
1596 2010 1758 2078 Iohannes
1782 2025 1815 2077 et

259 2116 409 2180 Clemens
440 2117 480 2180 de
509 2117 699 2191 Drzevicza,
736 2116 899 2182 lohannes
934 2119 1076 2183 decanus
1112 2119 1406 2194 WladislaviensiS,
1442 2119 1599 2194 Mathias,
1634 2121 1815 2194 MiroslauS,

257 2222 441 2300 Sbiluthus,
473 2223 647 2306 Czaczsky,
683 2223 860 2307 Scothsky‚
897 2224 1129 2308 Sandivogius,
1175 2225 1324 2309 Chibsky
1359 2227 1577 2308 capitulariter
1613 2229 1815 2310 congregati,

258 2333 392 2396 attentis
416 2331 576 2414 magnifici
605 2332 658 2394 dni
683 2331 772 2394 Luce
802 2333 936 2413 palatini
969 2335 1105 2396 Poznan.
1131 2334 1356 2397 benivolencia
1380 2344 1414 2398 et
1437 2335 1564 2410 lavore,
1597 2355 1693 2416 quem
1716 2333 1816 2398 habet

258 2438 298 2500 ad
322 2438 490 2502 ecclesiam
514 2450 547 2501 et
571 2458 745 2520 personas,
770 2449 803 2502 et
826 2442 1012 2520 presertim,
1037 2461 1133 2523 quem
1159 2443 1302 2505 ostendit
1319 2442 1529 2507 effectualiter
1553 2443 1585 2504 in
1608 2441 1695 2506 sacto
1719 2443 1817 2505 eccle.

257 2546 303 2608 sie
325 2565 399 2608 cum
423 2547 545 2609 civibus
571 2547 709 2609 Poznan.
735 2567 832 2628 super
856 2547 1006 2611 libertate
1031 2549 1263 2623 ecclesiastica,
1289 2549 1517 2614 concluserunt
1541 2551 1645 2631 ipsum
1671 2569 1816 2613 remune-

257 2654 391 2716 randum
416 2664 543 2735 septem
568 2655 698 2734 marcis,
723 2675 804 2736 quas
828 2655 887 2717 sibi
911 2657 1143 2719 commiserunt
1166 2656 1233 2718 dari
1258 2677 1316 2738 per
1339 2667 1567 2739 procuratores
1590 2656 1731 2738 capituli.

471 2866 514 2930 A.
544 2881 636 2947 1447,
660 2865 768 2931 Martii
799 2883 854 2946 13,
878 2868 910 2931 in
935 2867 1086 2950 capitulo.

363 3003 449 3072 333.
475 3007 525 3092 (II.
552 3009 603 3090 81)
627 3009 690 3072 Die
714 2991 847 3073 Lune.¹
872 3032 980 3074 vener.
1005 3010 1058 3073 dni
1082 3011 1281 3092 prepositus,
1314 3021 1440 3084 custoS,
1465 3009 1722 3091 Praszmowsky,
1747 3009 1814 3072 offi-

258 3113 362 3188 cialiS,
385 3113 525 3189 Hector,
557 3116 723 3190 Clemens„
760 3117 946 3191 MiroslauS,
982 3117 1158 3198 Scothsky,
1194 3117 1368 3198 Czaczsky,
1405 3115 1567 3180 Iohannes
1591 3118 1632 3181 de
1656 3117 1809 3199 Popowo,

257 3220 404 3303 Chibsky
428 3233 461 3286 et
485 3223 691 3307 Rogalinsky
714 3237 847 3307 recepta
871 3227 1025 3289 caucione
1049 3225 1090 3288 de
1113 3225 1348 3306 indempnitate
1378 3225 1575 3288 adheserunt
1598 3221 1813 3306 appellacioni

257 3328 310 3390 dni
333 3329 502 3392 Laurencii
526 3332 566 3394 de
589 3330 749 3396 Strzelcze
774 3334 903 3415 plebani
928 3335 959 3395 in
983 3331 1135 3415 Ponyecz
1159 3343 1273 3396 contra
1297 3351 1470 3414 processus
1495 3332 1548 3394 dni
1576 3331 1746 3412 Archiepi,
1771 3331 1813 3394 ad

255 3436 445 3500 instanciam
469 3436 523 3499 dni
547 3438 718 3522 Predvogii
742 3441 900 3522 prepositi
924 3439 1046 3504 Gnezn.
1071 3440 1201 3502 racione
1224 3442 1428 3502 contumacie
1456 3439 1652 3502 fulminatos.

471 3648 513 3710 A.
544 3664 637 3730 1447,
663 3650 787 3733 Aprilis
810 3669 840 3730 4,
865 3653 897 3714 in
921 3652 1072 3734 capitulo

364 3787 449 3857 334.
474 3792 524 3871 (II.
550 3795 614 3873 82).
639 3793 700 3856 Die
724 3793 880 3858 Martis..
906 3794 1111 3876 presentibus
1147 3793 1298 3875 Caspare,
1333 3793 1488 3876 Sangneo
1523 3803 1556 3856 et
1590 3793 1735 3856 Iohanne
1772 3793 1812 3856 de

255 3897 440 3978 Pythkowo
463 3899 588 3962 vicariis
623 3902 788 3982 perpetuis
824 3901 928 3977 Rmus
963 3913 1057 3983 pater
1080 3903 1162 3965 dnus
1186 3901 1338 3964 Andreas
1361 3901 1453 3982 Epus
1477 3921 1546 3975 su0,
1569 3921 1696 3963 necnon
1720 3920 1813 3963 vene·

254 4005 345 4066 randi
369 4006 423 4068 dni
446 4008 648 4088 prepositus,
673 4007 925 4085 archidiaconus,
950 4021 1072 4086 cantor,
1091 4021 1211 4084 custos,
1227 4008 1484 4089 Praszmowsky,
1502 4008 1637 4082 Hector,
1652 4005 1813 4082 Clemens,

255 4110 416 4176 Iohannes
440 4113 480 4175 de
503 4113 731 4195 Nyewyesch,
767 4115 918 4189 officialia,
955 4115 1092 4180 Iacobus
1128 4117 1169 4178 de
1204 4115 1334 4193 Grandi,
1370 4115 1550 4189 Miroslaus,
1585 4114 1747 4176 Iohannes
1771 4112 1811 4176 de

254 4217 409 4300 Popowo,
433 4219 609 4303 Scothslry,
634 4222 790 4304 Chibsky,
815 4223 990 4298 Sbiluthus,
1016 4223 1203 4306 Wyskotha
1228 4233 1261 4286 et
1285 4223 1436 4286 Andreas
1460 4221 1668 4304 Rogalinsky
1691 4219 1813 4301 capitu·

255 4326 363 4390 lariter
380 4331 580 4411 congregati,
605 4329 786 4404 Miroslaus,
812 4331 1036 4412 procuratorio
1053 4331 1182 4411 capituli
1199 4331 1341 4392 Poznan.
1357 4330 1549 4406 nominibus,
1566 4328 1812 4411 appellaverunt

254 4435 356 4497 verbo
379 4433 420 4497 ad
444 4435 542 4498 dnum
566 4436 749 4518 Eugenium
774 4447 807 4500 et
831 4438 931 4518 ipsius
955 4457 980 4500 s
1005 4435 1123 4500 Sedem
1147 4437 1303 4518 Apostol.
1327 4458 1347 4498 a
1371 4457 1526 4518 processu
1550 4435 1753 4498 inhibicionis
1777 4445 1811 4498 et

255 4543 346 4622 penis
370 4542 402 4604 in
425 4542 538 4605 eadem
562 4543 726 4606 contentis
749 4543 804 4605 dni
827 4544 994 4607 Michaelis
1018 4544 1166 4607 Balduini
1189 4543 1297 4626 legum
1322 4544 1474 4618 doctoris,
1498 4543 1656 4625 prepositi
1672 4542 1810 4604 ecclesie

255 4647 524 4712 Tucastranensis
539 4650 652 4712 iudicis
669 4671 688 4711 a
703 4649 933 4732 (sacrosancta)
947 4651 972 4732 ¹)
995 4650 1138 4733 generali
1161 4652 1314 4714 sinodo
1337 4651 1564 4716 Basiliensi
1588 4650 1735 4730 deputati
1751 4669 1811 4730 pro

254 4765 347 4836 parte
369 4776 478 4820 vener.
504 4757 558 4819 dni
580 4756 753 4839 Predvogii
777 4758 935 4838 prepositi
958 4755 1082 4820 Gnezn.
1099 4768 1133 4820 et
1150 4757 1296 4819 canonici
1313 4757 1451 4818 Poznan.
1468 4767 1502 4820 et
1518 4767 1632 4819 contra
1649 4755 1810 4837 quendam

253 4861 467 4926 Laurencium
489 4863 575 4927 Petri
600 4865 640 4927 de
663 4863 805 4927 Strelcze
828 4865 978 4927 clericum
1002 4867 1175 4928 occasione
1200 4864 1359 4927 dictorum
1394 4863 1638 4935 beneficiorum,
1662 4862 1811 4926 videlicet

253 4971 457 5050 prepositure
481 4981 515 5034 et
538 4971 718 5052 prebende,
752 4981 904 5035 emanato
927 4972 967 5036 de
992 4992 1088 5035 manu
1124 4971 1279 5035 Godfredi
1315 4972 1355 5034 de
1379 4971 1495 5034 Maech
1518 4973 1597 5034 alias
1620 4969 1812 5052 Goynnorts

252 5075 496 5142 Cameracensis
511 5078 594 5141 dioc.
611 5077 730 5160 publici
749 5078 930 5160 apostolica
947 5088 980 5143 et
996 5079 1152 5161 imperiali
1175 5079 1422 5143 auctoritatibus
1439 5079 1566 5143 notarii.
1590 5078 1712 5141 Ibidem
1729 5079 1812 5141 dnus

250 5183 343 5265 Epus
366 5185 509 5250 decrevit
533 5187 661 5268 copiam
686 5185 765 5250 dicti
788 5207 960 5268 processus
984 5187 1158 5251 transsumi
1182 5197 1215 5250 et
1239 5188 1341 5269 redigi
1365 5189 1397 5249 in
1420 5187 1582 5269 publicam
1607 5185 1745 5249 sormam
1768 5185 1810 5248 ad

251 5293 447 5372 peticionem
472 5293 615 5357 Miroslai
640 5294 860 5374 procuratoris
884 5294 1024 5376 capituli.

359 5589 379 5660 ¹)
398 5591 488 5659 Wyraz
506 5609 530 5643 w
548 5592 668 5643 nawiusie
687 5591 921 5660 podkroplrowany,
941 5611 975 5644 na
993 5595 1065 5656 anah,
1086 5595 1113 5644 le
1131 5611 1166 5660 go
1184 5593 1266 5659 pisata
1285 5593 1356 5659 tylko
1376 5608 1447 5659 praet
1466 5593 1567 5659 omyllre
1586 5591 1718 5642 zamietcil.

358 5689 455 5730 nonum.
470 5689 534 5730 maen
548 5689 595 5731 aevi
611 5689 660 5730 utu.
678 5689 734 5730 nu.
1632 5680 1649 5732 9
