4416 6366
816 612 995 662 1111101011
1017 609 1200 666 mon-1501.
1728 625 1790 691 173

228 823 369 886 Poznan.
394 825 424 886 in
450 825 577 888 duobus
594 825 770 888 miliaribus
793 824 988 888 distantibus
1004 825 1125 888 ducant
1141 825 1227 906 ligna
1251 826 1283 886 in
1301 825 1366 886 suis
1390 823 1481 904 equis
1504 833 1537 885 et
1561 823 1705 886 curribus
1729 823 1786 885 Po-

227 933 373 994 znaniam
398 933 470 994 dnis
494 933 683 1015 regentibus
707 935 737 996 ln
763 933 866 996 curias
890 951 1002 994 eorum
1028 952 1088 1011 pro
1112 932 1187 994 foco
1212 932 1404 994 necessaria.

336 1068 424 1136 918.
449 1071 515 1154 (VI.
542 1073 619 1154 28⁰).
645 1072 859 1137 Statutum
884 1083 920 1136 ut
942 1072 1089 1136 homines
1115 1074 1156 1136 de
1181 1074 1264 1136 villis
1288 1071 1585 1154 prestimonialibus
1610 1071 1733 1134 molant
1757 1073 1789 1132 in

229 1179 397 1258 capitulari
420 1179 609 1241 molendIno
632 1179 793 1244 frumenta
817 1201 885 1244 sua.
913 1219 952 1226 --
979 1180 1061 1242 Item
1087 1182 1140 1242 dni
1172 1191 1371 1250 statuerunt,
1408 1189 1441 1242 ut
1468 1199 1595 1240 exnunc
1620 1198 1735 1240 omnes
1760 1190 1793 1240 et

230 1285 346 1366 singuli
370 1285 519 1350 homines
543 1287 584 1348 de
608 1285 692 1350 villis
718 1289 919 1368 prestimonii
943 1287 1174 1368 capitularibus
1198 1287 1356 1349 frumenta
1389 1303 1582 1366 quecunque
1606 1285 1646 1345 ad
1672 1283 1789 1345 Pozna-

231 1395 315 1453 niam
340 1392 517 1455 molendini
552 1394 708 1457 ducentes
745 1415 808 1456 non
844 1395 933 1466 alibi,
969 1415 1066 1476 quam
1092 1397 1123 1457 in
1148 1395 1335 1457 molendino
1367 1391 1542 1472 capitulari,
1579 1391 1705 1453 molant
1730 1410 1789 1452 nec

232 1499 354 1561 molere
377 1501 517 1563 audeant
549 1501 611 1563 sub
636 1521 719 1581 pena
743 1504 835 1564 unius
859 1522 1024 1584 sexagene
1056 1503 1108 1565 vel
1133 1504 1313 1583 privatione
1349 1517 1522 1582 equorum,
1558 1497 1790 1560 frumentorum

230 1607 282 1669 vel
305 1606 414 1670 larene
440 1629 497 1689 per
521 1619 766 1690 procuratorem
791 1610 922 1692 capituli
948 1610 1222 1690 repriendorum.

445 1801 486 1862 A.
517 1817 615 1882 1501,
639 1802 745 1867 Martii
770 1820 812 1882 29
827 1803 866 1886 ¹),
891 1806 922 1864 ln
948 1803 1101 1884 capitulo.

339 1939 425 2006 1119.
453 1941 524 2026 (VI.
551 1945 611 2024 33).
637 1944 719 2006 Item
743 1945 797 2006 dni
823 1945 1035 2007 decreverunt
1060 1957 1092 2008 et
1117 1947 1351 2008 mandaverunt
1375 1945 1441 2007 dari
1460 1966 1517 2024 per
1534 1946 1632 2006 dnum
1650 1941 1793 2021 Olessky

233 2061 475 2128 procuratorem
500 2049 530 2112 II
554 2071 680 2113 marcas
703 2073 810 2114 vener.
835 2053 900 2114 dno
925 2051 1133 2134 SIgismundo
1158 2053 1199 2114 de
1223 2055 1452 2134 Camyenyecz
1476 2053 1635 2114 canonico
1652 2049 1791 2112 Poznan.

233 2175 306 2217 curn
332 2157 499 2238 privilegio
523 2157 666 2220 thelonei
692 2160 871 2238 pontalium
895 2160 1033 2221 ecclesie
1058 2160 1192 2222 Poznan.
1219 2181 1276 2240 per
1300 2159 1411 2222 Sinum
1436 2159 1513 2220 olim
1538 2159 1611 2221 dive
1635 2158 1790 2219 memorie

236 2261 445 2325 Wladislaum
479 2283 590 2346 regem
626 2264 758 2328 Polonie
792 2287 951 2328 concesso
985 2267 1183 2347 diligentiam
1220 2267 1250 2328 in
1276 2267 1557 2328 conventione
1592 2263 1795 2346 Pyotrko·

233 2370 362 2431 viensi
387 2372 563 2433 novissime
587 2373 698 2453 elapsa
723 2373 851 2436 facienti
876 2395 936 2453 pro
960 2373 1059 2454 fatiga
1082 2385 1115 2436 et
1138 2373 1354 2436 solicitatione
1379 2375 1454 2436 suis.

448 2565 490 2627 A.
521 2579 617 2644 1501,
643 2564 767 2645 Aprilis
793 2567 874 2646 5,111
900 2566 1051 2646 capitulo

342 2702 429 2770 920.
454 2705 523 2786 (VI.
549 2707 624 2788 33⁰).
648 2707 729 2770 Item
746 2707 985 2788 deputaverunt
1010 2729 1117 2770 vener.
1142 2708 1239 2769 dnum
1259 2707 1427 2769 Nicolaum
1444 2705 1578 2788 Sussky,
1596 2708 1787 2770 canonicum

235 2824 269 2876 et
293 2813 347 2875 dni
372 2812 515 2893 Olessky
550 2817 768 2894 procuratoris
803 2817 934 2896 capituli
970 2835 1054 2878 nunc
1082 2815 1226 2876 absentis
1264 2815 1548 2886 locumtenentem‚
1584 2815 1625 2876 ad
1656 2814 1787 2896 magnis.

233 2921 333 2982 dnum
357 2922 561 3002 capitaneum
585 2924 772 3004 generalem
798 2926 827 2984 in
852 2935 993 2986 castrum
1020 2923 1156 2984 Poznan.
1181 2923 1222 2983 ad
1247 2923 1504 3002 promovendum
1537 2924 1699 2985 actionem
1726 2921 1791 3002 pel·

235 3026 324 3090 lificis
359 3027 399 3090 de
441 3027 711 3109 Chwalyschewo
747 3051 821 3092 cum
857 3030 934 3092 Helt
968 3029 1102 3092 consule
1138 3029 1274 3090 Poznan.
1310 3049 1419 3091 coram
1455 3049 1513 3091 sua
1548 3027 1791 3110 lllagnificencia

234 3135 348 3216 vigore
371 3137 607 3199 commissionis
631 3137 671 3200 R.
697 3137 773 3200 Mtis
797 3137 959 3203 habentis.
985 3137 1166 3218 culquidem
1191 3137 1256 3198 dno
1280 3138 1439 3198 canonico
1465 3135 1592 3216 Susshy
1617 3137 1670 3197 dni
1687 3136 1794 3197 decre-

234 3251 351 3304 verunt
375 3243 451 3304 dare
474 3244 515 3304 ad
539 3245 703 3325 navigium
727 3247 757 3305 in
783 3245 975 3306 Poznaniam
1012 3254 1146 3324 propter
1182 3245 1309 3306 nimiam
1345 3245 1589 3306 inundationem
1626 3261 1791 3324 aquarum,

235 3368 298 3430 que
321 3359 396 3411 tunc
421 3351 629 3413 medietatem
654 3353 763 3432 pontis
787 3353 916 3413 maioris
941 3351 1077 3412 Poznan.
1101 3363 1297 3432 operuerant
1320 3363 1353 3414 et
1378 3363 1496 3430 pontes
1519 3351 1559 3412 ad
1577 3372 1600 3412 s.
1620 3351 1793 3412 Barbaram

234 3455 265 3516 ln
291 3453 559 3536 Chwalyschewo
584 3467 617 3520 et
640 3459 724 3520 circa
749 3455 880 3521 Ostrow
906 3459 1027 3539 oppida
1051 3459 1186 3520 ecclesie
1211 3458 1349 3522 Poznan.
1368 3459 1513 3521 similiter
1536 3459 1722 3540 operientes
1747 3465 1795 3518 to·

237 3563 345 3626 taliter
367 3565 611 3627 denudaverant
635 3577 668 3626 et
692 3565 834 3628 funditus
859 3566 1070 3646 diripuerant.
1096 3565 1288 3628 solvendum
1312 3566 1360 3629 IV
1385 3587 1528 3648 grossos
1626 3621 1627 3626 ,

452 3776 493 3840 A.
523 3791 622 3856 1501,
647 3776 771 3856 Aprilis
796 3779 831 3850 8,
856 3780 888 3838 111
913 3777 1065 3857 capitulo.

345 3915 432 3982 921.
458 3918 524 4000 (VI.
552 3936 567 3998 3
574 3920 628 3999 3⁰).
655 3919 736 3980 Item
762 3920 1001 3999 deputaverunt
1024 3941 1130 3982 vener.
1155 3921 1238 3982 dnos
1271 3919 1449 4000 Cothwyca
1473 3918 1735 3981 archidiaconum
1761 3929 1795 3980 et

235 4024 476 4106 Sigismundum
501 4027 541 4088 de
566 4027 794 4107 Camyenyecz
817 4031 1007 4090 canonIcum
1032 4027 1170 4089 Poznan.
1188 4029 1289 4089 ituros
1313 4026 1353 4086 ad
1378 4028 1482 4088 sino
1496 4027 1546 4088 du
1561 4045 1590 4086 m
1617 4046 1698 4106 pro
1712 4027 1750 4087 vi
1765 4045 1794 4085 n·

237 4133 405 4194 cialem
429 4133 693 4206 Colensem‚
730 4136 846 4216 quibus
871 4138 1081 4198 decreverunt
1119 4135 1186 4196 dari
1220 4155 1277 4215 per
1301 4145 1545 4214 procuratorem
1581 4133 1710 4213 capituli
1736 4154 1795 4214 per

236 4239 284 4302 VI
308 4259 433 4301 marcas
457 4240 497 4301 de
523 4243 665 4320 pecuniis
700 4242 910 4304 refectionum
935 4252 968 4305 et
992 4251 1223 4304 concesserunt
1255 4261 1292 4302 ae
1323 4241 1480 4303 dederunt
1516 4242 1561 4301 eis
1595 4240 1795 4319 presenciam

236 4347 278 4408 ad
302 4347 544 4426 percipiendum
569 4348 761 4412 refectiones
786 4359 818 4411 et
843 4370 951 4429 panes.
981 4351 1130 4428 exceptis
1165 4349 1320 4428 exequiis,
1345 4359 1379 4410 et
1403 4349 1646 4409 constituerunt
1682 4367 1740 4407 eos
1764 4347 1795 4407 ln

237 4463 465 4533 procuratores
488 4455 528 4515 ad
553 4457 808 4536 comparendum
845 4459 973 4518 nomine
999 4456 1129 4535 capituli
1153 4457 1184 4516 in
1209 4455 1321 4516 eadem
1354 4456 1479 4526 sinod0,
1505 4457 1732 4534 promittentes
1756 4453 1797 4515 de

236 4571 308 4624 rato
333 4561 492 4624 informa
517 4563 638 4625 mellori
663 4574 724 4626 etc.
748 4583 821 4624 cum
846 4563 995 4626 clausulis
1020 4565 1231 4643 opportunis;
1257 4563 1463 4644 presentibus
1488 4573 1550 4623 etc.

455 4772 498 4835 A.
528 4788 626 4853 1501,
651 4773 774 4854 Aprilis
805 4789 860 4858 15,
886 4775 916 4835 in
941 4774 1095 4856 capitulo.

346 4909 431 4986 1122,
457 4913 524 4994 (VI.
551 4915 611 4993 34).
636 4915 822 4996 Capitulum
847 4928 995 4998 tempore
1020 4917 1179 4980 sinodi
1216 4917 1474 4978 diocesane
1499 4926 1575 4976 tunc
1599 4916 1631 4976 in
1656 4914 1794 4976 ecclesia

236 5023 377 5084 Poznan.
403 5021 575 5084 celebrate.
602 5058 644 5067 -
669 5023 730 5084 Die
754 5023 838 5086 lovis
863 5073 887 5090 ..
914 5025 944 5085 ln
969 5025 1105 5086 ecclesia
1129 5023 1304 5085 cathedrali
1329 5023 1466 5084 Poznan.
1483 5032 1559 5084 ante
1576 5023 1677 5082 maius
1694 5021 1794 5082 altare

237 5129 279 5190 ad
302 5125 609 5191 Sanctasanctorum
635 5130 809 5192 sinodo
833 5141 912 5192 tunc
937 5132 1196 5193 diocesana
1222 5151 1279 5212 per
1304 5129 1465 5190 Rmum..
1491 5129 1589 5189 dnum
1615 5127 1793 5189 Iohannem

238 5235 299 5296 Dei
323 5237 426 5316 gratia
451 5233 557 5313 Epum
594 5235 733 5298 Poznan.
759 5237 935 5299 solenniter
968 5239 1132 5299 celebrata
1167 5257 1304 5298 unacum
1336 5257 1443 5297 vener.
1469 5235 1541 5297 dnis
1564 5235 1707 5296 Iohanne
1732 5233 1793 5295 Lu·

236 5342 374 5422 cowsky
399 5341 523 5404 decano
548 5351 580 5405 et
605 5344 723 5405 vicario
754 5347 785 5406 in
809 5343 1049 5424 spiritualibus,
1086 5345 1222 5406 Nicolao
1259 5343 1438 5424 Cothwycz
1463 5344 1503 5404 de
1528 5341 1663 5423 Zneyna
1688 5342 1796 5404 decre-

347 5625 367 5706 1’)
386 5641 455 5691 Data
474 5657 497 5691 w
516 5641 661 5709 oryginale:
685 5641 750 5691 »Die
770 5643 840 5692 Lune
860 5643 961 5693 XXVII
981 5643 1081 5694 Martii«
1100 5645 1149 5709 jest
1171 5643 1263 5712 myluq.
