4458 6356
418 581 463 660 46
922 579 1016 630 ACTA
1035 579 1197 630 CAPITULI
1216 579 1472 630 POZNANlENSlS

421 673 451 680 ι..-
462 673 1073 680 ..—-.-——.—-—-——--—
1087 673 1828 680 ——....—-.—.—-—-—-.-——-—.
1842 673 1972 680 ὴ..

419 795 468 864 tis¹
492 791 607 856 honor.
632 793 714 855 dnus
738 792 851 855 Petrus
881 793 921 854 de
945 791 1090 874 Cycowo
1115 813 1174 873 pro
1199 803 1291 873 parte
1320 813 1427 856 vener.
1458 792 1512 854 dni
1535 792 1691 873 Johannis
1722 794 1835 856 decani
1860 793 1975 856 ll'ladi-

403 899 585 962 ‘slaviensis
609 898 761 962 exhibitis
786 899 899 962 litteris
933 899 1179 963 absolucionum
1214 899 1391 962 beatissimi
1427 900 1527 981 patris
1559 900 1613 962 dni
1649 900 1853 982 Eugenii
1890 921 1975 981 pape

420 1017 532 1070 contra
568 1006 691 1069 litteras
726 1005 1021 1069 inhabilitacionum
1056 1005 1269 1069 Concilii
1311 1006 1617 1080 Basiliensis,
1653 1027 1713 1088 pro
1748 1019 1840 1088 parte
1866 1028 1973 1070 vener.

420 1113 473 1174 dni
498 1113 667 1194 Predvogii
691 1113 731 1174 de
748 1111 868 1174 Grandi
893 1115 1048 1194 prepositi
1074 1111 1193 1175 Gnezn.
1218 1115 1406 1194 impetratis,
1432 1115 1536 1176 dictos
1552 1114 1636 1176 dnos
1659 1115 1803 1195 prelatos
1827 1125 1860 1176 et
1883 1135 1973 1175 cano-

421 1221 511 1282 nicos
535 1220 659 1283 monuit
683 1231 716 1283 ct
740 1221 913 1300 requisivit,
937 1223 1089 1302 quatinus
1113 1221 1154 1282 ad
1179 1223 1409 1283 execucionem
1435 1221 1608 1283 earundem
1633 1222 1809 1284 litterarum
1833 1221 1972 1302 apostol.

422 1327 635 1407 procederent
659 1348 697 1388 ac
721 1328 880 1408 prelatum
906 1329 1004 1390 dnum
1036 1327 1216 1408 johannem
1252 1328 1410 1390 decanum
1436 1349 1496 1410 pro
1519 1329 1672 1390 absoluto
1697 1328 1862 1392 haberent.
1910 1328 1975 1390 Ubi

421 1435 522 1496 eciam
546 1453 625 1496 mox
649 1445 681 1497 et
705 1437 814 1498 statim
839 1433 922 1498 dnus
950 1435 1147 1497 Laurencius
1172 1436 1308 1498 vicarius
1333 1447 1509 1516 perpetuus
1533 1440 1564 1497 in
1589 1436 1725 1498 ecclesia
1756 1424 1894 1497 Poznan.
1921 1457 1973 1498 ex-

420 1541 528 1603 hibitis
553 1541 665 1605 litteris
697 1543 777 1604 sacri
810 1541 944 1604 Concilii
981 1543 1165 1605 Basiliensis
1200 1543 1494 1606 inhabilitacionum
1530 1553 1644 1605 contra
1680 1542 1839 1623 prefatum
1876 1544 1974 1605 dnum

417 1647 597 1726 Jolrannem
622 1648 779 1711 decanum
805 1649 885 1718 latis,
921 1651 1045 1712 monuit
1074 1651 1220 1712 similiter
1248 1661 1280 1713 et
1304 1651 1469 1731 requisivit
1501 1653 1701 1730 prescriptos
1725 1650 1808 1712 dnos
1832 1650 1975 1729 prelatos

421 1767 453 1816 et
478 1755 660 1828 canonicos
685 1767 719 1818 ut
743 1756 783 1816 ad
808 1757 1038 1819 execucionem
1061 1757 1235 1819 earundem
1252 1759 1466 1837 procederent
1483 1758 1669 1838 dictumque
1685 1755 1974 1836 dnumJohannem

421 1861 577 1924 decanum
595 1883 654 1944 pro
672 1865 954 1927 excommunicato
971 1863 1137 1930 haberent.
1156 1865 1327 1928 Memorati
1345 1885 1422 1926 vero
1437 1865 1490 1926 dni
1507 1865 1622 1946 prelati
1639 1875 1671 1928 et
1687 1865 1833 1926 canonici
1848 1863 1973 1926 dillicul-

421 1979 489 2031 tate
515 1970 545 2031 in
570 1969 629 2031 hac
653 1963 746 2050 parte
769 1972 982 2052 considerata,
1007 1971 1242 2034 monicionibus
1266 1971 1448 2034 huiusmodi
1472 1983 1505 2034 et
1530 1971 1795 2052 requisicionibus
1819 1973 1974 2034 dictarum

422 2077 563 2158 parcium
580 2077 743 2142 duxeruut
759 2079 1034 2160 supersedendum
1047 2080 1207 2160 usquead
1224 2079 1494 2140 deliberacionem
1511 2079 1671 2142 dictorum
1686 2079 1822 2140 duorum
1841 2079 1975 2160 prelato·

422 2204 490 2246 rum
515 2195 548 2247 et
571 2185 800 2248 canonicorum
826 2186 990 2248 meliorem
1016 2207 1053 2247 ac
1078 2187 1219 2248 consiliis
1243 2187 1424 2248 salubribus
1447 2187 1569 2248 aRmo
1583 2235 1610 2250 ..
1634 2187 1700 2248 dno
1723 2185 1885 2249 Stanislao
1902 2186 1975 2266 Epo

421 2291 558 2353 Poznan.
587 2291 752 2364 habendis,
777 2293 807 2354 in
833 2313 931 2375 quam
966 2294 1236 2356 deliberacionem
1261 2305 1454 2356 executores
1488 2294 1645 2355 dictarum
1682 2295 1826 2374 parcium
1861 2292 1975 2373 prefati

421 2410 664 2472 consenserunt,
689 2399 742 2462 ubi
759 2402 927 2482 prescripti
952 2402 1005 2462 dni
1031 2401 1145 2482 prelati
1169 2411 1202 2464 et
1227 2380 1372 2462 canonici
1390 2401 1548 2470 dixerunt,
1575 2401 1663 2482 quod
1681 2411 1877 2462 memoratus
1894 2399 1976 2462 dnus

417 2505 582 2585 lohannes
612 2507 753 2570 decanus
788 2529 851 2570 non
885 2508 982 2572 debet
1014 2510 1313 2572 excommunicatus
1337 2509 1521 2570 denunciari
1545 2509 1712 2588 usquead
1737 2507 1975 2570 determinacio·

422 2633 495 2676 nem
512 2614 717 2676 consiliorum
743 2635 814 2676 cum
834 2617 921 2678 dicto
946 2616 1032 2678 Rmo
1058 2628 1149 2696 patre
1173 2617 1239 2677 dno
1263 2615 1424 2678 Stanislao
1449 2615 1522 2696 Epo
1546 2614 1745 2692 habendam;
1770 2615 1976 2694 presentibus

421 2720 566 2784 discretis
590 2723 664 2784 viris
692 2721 814 2802 Jacobo
839 2723 879 2785 de
904 2723 1087 2786 Corvalewo
1119 2733 1152 2786 et
1180 2723 1327 2804 Johanne
1352 2723 1491 2786 Czesslai
1524 2722 1563 2783 de
1594 2723 1707 2784 minori
1731 2721 1976 2803 Coszmynyecz

423 2829 553 2890 notariis
577 2829 720 2910 publicis.
768 2830 831 2892 Ubi
856 2830 939 2892 dnus
959 2831 1076 2910 Jaszlto
1108 2831 1138 2892 in
1163 2851 1248 2901 casu,
1278 2851 1342 2912 quo
1367 2841 1476 2911 partes
1500 2830 1585 2892 dicte
1610 2849 1673 2891 non
1699 2829 1920 2892 consentirent
1945 2829 1974 2889 in

422 2935 700 3008 deliberacionem,
736 2947 936 3017 protestatus
961 2948 1011 3000 est
1035 2939 1165 3000 nomine
1200 2937 1305 2999 tocius
1337 2938 1466 3019 capituli
1498 2937 1538 2999 de
1561 2937 1757 3018 appellando
1788 2937 1828 2997 ad
1858 2935 1975 2997 Sedem

422 3039 651 3123 Apostolicam
676 3055 708 3106 et
733 3065 858 3106 sacrum
883 3043 1062 3107 Concilium
1086 3044 1271 3107 Basiliense.

636 3271 678 3334 A.
709 3287 800 3353 1437,
826 3273 1022 3335 Novembris
1039 3271 1095 3352 ¹)..
1121 3274 1150 3335 in
1175 3273 1319 3354 capitulo
1343 3273 1495 3354 generali.

530 3407 616 3476 212.
643 3413 678 3494 (l.
709 3416 822 3495 194)...
861 3415 1014 3478 Rakwicz
1039 3415 1151 3497 prelati
1177 3427 1209 3477 et
1234 3415 1381 3476 canonici
1405 3415 1445 3476 ad
1469 3435 1584 3476 sonum
1617 3433 1775 3494 campane
1799 3415 1976 3494 capitulari-

422 3529 471 3580 ter
506 3521 696 3602 congregati
733 3523 994 3603 capitulum
1030 3523 1259 3604 generale
1295 3523 1522 3584 continuantes
1556 3521 1640 3582 diem
1679 3521 1908 3583 Conversionis
1943 3522 1975 3582 b.

422 3624 509 3687 Pauli
533 3627 571 3706 (d.
598 3645 615 3688 2
621 3643 635 3708 5
664 3629 680 3708 J
694 3650 712 3690 a
727 3649 777 3691 nu
792 3631 892 3710 arii)
923 3651 996 3691 cum
1014 3631 1261 3692 continuacione
1277 3629 1398 3691 dierurn
1416 3629 1624 3710 sequencium
1649 3649 1709 3708 pro
1738 3649 1755 3690 e
1770 3629 1779 3689 l
1793 3648 1810 3689 e
1824 3649 1866 3688 cc
1880 3629 1918 3689 io
1929 3649 1976 3689 ne

422 3731 571 3796 luturi
607 3737 870 3817 pontilicis
905 3739 1073 3818 elegerunt
1097 3748 1130 3800 et
1155 3737 1402 3798 nominaverunt
1426 3735 1653 3812 conformiter;
1689 3755 1753 3816 quo
1778 3735 1828 3796 die
1852 3745 1975 3797 statuto

422 3849 454 3900 et
479 3842 646 3906 nominato
670 3865 775 3908 vener.
800 3845 882 3908 dnus
906 3844 1045 3908 Mathias
1079 3845 1170 3924 Drya
1201 3844 1342 3906 decanus
1374 3843 1513 3905 Poznan.
1546 3843 1746 3924 prescriptos
1769 3841 1853 3904 dnos
1877 3842 1976 3923 prela·

421 3955 475 4009 tos
498 3957 532 4012 et
555 3951 730 4012 canonicos
754 3951 794 4013 de
818 3951 973 4014 mandato
1005 3952 1059 4014 dni
1088 3951 1372 4014 Administratoris
1403 3951 1444 4011 ad
1476 3951 1560 4012 diem
1585 3951 1801 4032 prescriptum
1824 3949 1865 4010 ad
1890 3950 1973 4012 idem

423 4054 533 4119 citavit
553 4059 802 4138 presencialiter.

526 4159 614 4228 213.
640 4165 740 4248 (ibid.)
763 4167 846 4228 Item
870 4165 989 4228 ibidem
1014 4167 1091 4230 dicti
1115 4165 1168 4228 dni
1194 4165 1308 4246 prelati
1330 4175 1363 4227 et
1379 4165 1525 4226 canonici
1549 4165 1730 4227 citatorium
1755 4175 1870 4226 contra
1893 4163 1977 4226 dnos

422 4269 575 4334 absentes
599 4272 819 4346 decreverunt,
844 4275 1049 4355 presentibus
1074 4273 1211 4334 Nicolao
1236 4272 1443 4334 vicecnstode
1460 4281 1492 4335 et
1509 4270 1655 4352 Caspero
1680 4272 1719 4332 de
1739 4270 1871 4352 Zneyna
1897 4271 1976 4332 vica-

422 4378 475 4440 riis
499 4379 664 4459 perpetuis
688 4381 719 4440 in
744 4381 880 4442 ecclesia
904 4381 1124 4443 Poznaniensi.

529 4482 616 4550 214.
649 4487 751 4568 libid.)
787 4487 868 4550 ltem
899 4488 1036 4568 Johanni
1069 4488 1270 4568 Ponyeczslri
1295 4489 1355 4549 civi
1380 4487 1420 4548 de
1444 4486 1604 4548 Poznania
1628 4483 1719 4546 LXll
1751 4503 1875 4546 marcas
1903 4504 1976 4545 cum

422 4592 526 4654 media
550 4613 609 4674 pro
635 4594 745 4656 debito
769 4596 823 4657 dni
847 4595 909 4676 Epi
933 4596 973 4656 ad
1008 4595 1123 4658 festum
1160 4595 1348 4658 Conductus
1374 4596 1472 4656 Pasce
1496 4613 1589 4673 prox.
1614 4591 1825 4654 decreverunt
1854 4591 1976 4653 solven-

422 4699 480 4762 das
511 4701 551 4763 de
575 4721 688 4764 mensa
712 4703 888 4784 episcopali
912 4715 945 4766 et
969 4703 1010 4766 de
1032 4703 1192 4765 derelictis
1216 4703 1288 4783 Epi.

529 4803 616 4874 215.
640 4809 737 4890 (ibid.)
768 4809 849 4872 Item
876 4811 1041 4872 Faulrove
1066 4807 1153 4872 CLX
1177 4831 1301 4872 marcas
1324 4809 1365 4870 ad
1390 4808 1595 4871 Conductum
1627 4805 1727 4868 Pasce
1751 4825 1845 4886 prox.
1874 4805 1975 4866 eciam

424 4916 636 4980 decreverunt
659 4917 850 4980 solvendum
874 4919 1050 4980 demensa
1075 4917 1252 4998 episcopali
1277 4927 1307 4980 et
1332 4916 1492 4978 derelictis
1517 4915 1570 4976 dni
1594 4913 1666 4994 Epi.

530 5021 606 5088 216
644 5023 679 5100 (l.
710 5024 802 5106 194⁰).
828 5025 908 5087 Item
933 5025 1052 5087 ibidem
1077 5025 1213 5086 Nicolao
1237 5023 1363 5104 pellifici
1389 5021 1605 5085 dePoznanin
1629 5019 1742 5082 XXVI
1767 5039 1892 5080 marcas
1916 5038 1976 5097 pro

422 5129 535 5192 debito
559 5131 612 5192 dni
636 5129 698 5211 Epi
722 5133 763 5192 ad
788 5131 904 5194 festum
933 5132 962 5196 b.
983 5132 1137 5213 Johannis
1172 5131 1320 5212 Baptiste
1356 5151 1449 5210 prox.
1482 5130 1695 5191 decreverunt
1731 5125 1904 5189 solvendas
1935 5124 1975 5185 de

424 5257 534 5299 mensa
557 5237 734 5317 episcopali
758 5249 791 5301 et
815 5239 855 5301 de
878 5239 1038 5303 derelictis
1062 5240 1132 5322 Epi.

452 5415 730 5422 ,σῇ----

531 5535 548 5593 ¹l
569 5535 600 5583 W
619 5536 744 5601 reltopisie
765 5555 798 5602 po
817 5539 900 5588 karcie
924 5539 971 5598 183
991 5541 1121 5604 uaslqpuje
1146 5539 1328 5602 bezpusrerluio
1349 5539 1419 5585 kann
1446 5553 1499 5599 rqq.
1529 5553 1559 5584 co
1580 5536 1702 5598 u'slrazuje
1722 5551 1754 5580 ua
1774 5533 1837 5580 lrrak
1856 5531 1910 5579 karl
1935 5541 1974 5579 ιο.

423 5627 547 5690 l’ocrqtku
566 5627 692 5692 pierwszej
713 5628 808 5692 zapislri
827 5645 860 5676 nn
879 5629 962 5677 lrarcie
986 5641 1035 5692 194
1054 5629 1126 5677 brak.
