4416 6366
437 581 496 645 132
936 563 1030 614 ACTA
1048 563 1214 616 CAPITULI
1231 563 1489 616 Poznntttttttsls

430 657 726 665 —-—.-....--—---..-—
747 657 793 661 —-
816 657 881 662 —--
963 657 1401 664 *vss-—.—
1430 657 1493 664 ..u-—
1511 657 1664 664 —--———-
1686 658 1982 667 -.—.-—-—-——-—

429 797 526 840 nem
561 797 707 858 penes
740 776 896 858 ignem
925 785 971 838 et
1003 775 1237 839 dictorum
1270 775 1513 838 domorum
1543 779 1909 842 extinccionem
1942 780 1983 841 ad

428 885 560 966 triginta
580 903 704 946 marcas
735 883 1007 946 caucionaverunt
1038 880 1112 946 hinc
1142 893 1176 944 et
1207 901 1305 944 unum
1338 903 1500 956 mensem,
1532 903 1593 964 pro
1624 885 1740 966 quibus
1771 883 1984 949 fideiuberunt

428 993 541 1056 Petrus
564 993 799 1072 carpentarius,
832 989 946 1054 Petrus
978 989 1096 1068 Coval,
1129 989 1382 1054 Bartholomeus
1414 989 1534 1066 cont,
1565 991 1759 1056 Valentinus
1791 993 1921 1056 institor
1951 1003 1984 1056 et

429 1098 586 1163 Skrzinka
610 1109 723 1162 sartor.

641 1273 685 1337 A.
716 1277 814 1352 1481,
838 1273 914 1337 Maii
943 1291 997 1348 11,
1021 1274 1051 1336 in
1076 1273 1230 1356 capitulo.

536 1413 623 1482 692.
650 1417 717 1500 (IV.
741 1417 822 1498 48⁰).
846 1417 927 1480 Item
951 1415 1062 1502 [anno]
1087 1416 1141 1479 dni
1169 1420 1269 1495 1481,
1293 1415 1345 1479 die
1361 1435 1440 1479 uero
1454 1415 1617 1480 dominica
1633 1415 1770 1480 Rmus..
1787 1417 1877 1482 Uriel
1893 1417 1984 1499 Epus

428 1524 566 1588 Poznan.
602 1526 759 1599 decanus,
795 1523 1002 1598 scolasticus,
1038 1523 1253 1600 Srzemensis,
1288 1524 1488 1588 Pczewensis
1519 1523 1751 1598 archidiaconi,
1783 1524 1983 1608 Rogalinski,

428 1631 551 1706 doctor,
576 1631 762 1706 Dzecanek,
787 1631 919 1704 Hector,
944 1631 1139 1713 Iablowsky,
1172 1630 1347 1712 Czaczslcy,
1380 1631 1581 1713 Lukowsky‚
1614 1631 1863 1696 Bartholomeus
1886 1630 1983 1712 Kyel·

427 1739 540 1812 bassa,
565 1739 722 1802 Martinus
754 1739 1040 1820 Nyechanowsky,
1074 1738 1348 1821 Gylowyeczslry,
1379 1737 1527 1819 Xansky,
1559 1739 1786 1822 Rambynslcy,
1819 1739 1981 1812 larandutt,

427 1845 644 1928 Carczewsky
667 1858 701 1909 et
722 1846 835 1909 Petrus
860 1844 1162 1928 Cobylnyczsky..
1185 1846 1406 1928 capitulariter
1429 1847 1629 1930 congregati.

537 1985 625 2054 693.
650 1987 772 2050 Ibidem
797 1987 851 2050 dni
876 1987 991 2069 prelati
1008 1988 1268 2052 deliberaverunt
1284 1987 1326 2050 ad
1342 2007 1403 2051 sex
1419 1986 1488 2050 dies
1503 2006 1602 2070 super
1616 1987 1814 2051 admissione
1835 1986 1877 2050 Iu
1888 1985 1984 2050 bilei

428 2097 460 2160 in
484 2094 689 2178 quyedzyn
714 2096 746 2158 in
770 2097 862 2158 terris
887 2095 1053 2160 Prusie
1078 2115 1137 2177 per
1160 2095 1260 2158 dnum
1285 2115 1404 2180 papam
1428 2095 1587 2158 concessi.

642 2287 686 2351 A.
716 2291 817 2367 1481,
842 2289 917 2352 Maii
941 2307 979 2368 9,
1003 2289 1033 2351 in
1058 2289 1211 2371 capitulo,

536 2427 625 2497 694.
649 2432 717 2512 (lV.
740 2433 805 2512 49).
837 2431 959 2496 Ibidem
983 2432 1038 2494 dni
1062 2431 1161 2494 dnum
1185 2430 1405 2513 Zakrzewsky
1428 2431 1665 2512 deputaverunt
1688 2429 1729 2492 ad
1751 2430 1851 2492 dnum
1875 2428 1982 2510 Epum

427 2540 459 2601 in
483 2538 662 2620 Czanssym
686 2539 718 2599 in
742 2536 830 2602 sacto
853 2538 990 2602 dnorum
1013 2537 1127 2600 decani
1158 2558 1196 2601 ac
1219 2539 1382 2602 scolastici
1411 2557 1508 2619 super
1539 2539 1731 2618 receptione
1763 2555 1920 2618 equorum
1950 2543 1983 2598 et

324 2723 326 2727 ,
428 2644 492 2708 leni
516 2667 575 2728 per
599 2644 938 2727 stipendarios
962 2655 994 2708 et
1019 2666 1117 2726 super
1136 2645 1361 2710 destruccione
1378 2645 1452 2708 ville
1469 2643 1592 2725 larislry
1609 2664 1668 2725 per
1683 2643 1783 2706 dnum
1799 2641 1981 2724 Splawsky‚

426 2753 477 2816 cui
501 2774 561 2836 pro
585 2754 636 2815 via
661 2754 800 2816 mediam
824 2773 964 2816 marcam
988 2753 1065 2815 dare
1089 2753 1325 2817 mandaverunt
1349 2763 1382 2817 et
1406 2753 1510 2835 ipsum
1527 2753 1611 2816 circa
1628 2751 1825 2814 relecciones
1840 2761 1875 2816 et
1890 2750 1981 2813 bulas

428 2881 549 2943 panum
573 2869 829 2924 reservaverunt.

641 3053 685 3119 A.
716 3054 815 3133 1481,
839 3053 917 3116 Maii
941 3071 999 3130 22,
1045 3054 1077 3116 in
1101 3053 1253 3136 capitulo.

535 3194 622 3264 695.
648 3198 717 3280 (lV.
741 3199 822 3280 49⁰).
848 3195 971 3262 ibidem
997 3196 1166 3261 kmethoni
1190 3197 1365 3261 combusto
1388 3196 1429 3260 de
1453 3195 1710 3276 Urnyeschew0,
1733 3196 1787 3278 qui
1806 3216 1909 3276 nuper
1925 3214 1981 3278 per

426 3306 616 3388 voraginem
648 3307 731 3388 ignis
763 3316 898 3369 exustus
929 3315 994 3378 est,
1028 3305 1185 3368 dederunt
1211 3304 1394 3368 libertatem
1419 3304 1556 3378 tamdiu,
1588 3304 1740 3386 quamdiu
1765 3323 1874 3366 secum
1899 3303 1980 3368 dnus

427 3413 554 3476 Hector
577 3433 694 3496 regens
718 3413 862 3475 eiusdem
886 3412 961 3475 ville
985 3411 1194 3475 condictabit.

641 3605 682 3669 A.
712 3607 810 3686 1481,
834 3605 913 3668 Iunii
939 3622 989 3680 20,
1013 3607 1045 3667 in
1070 3605 1223 3686 capitulo.

535 3744 622 3812 696.
657 3747 723 3828 (lV.
748 3748 860 3827 49⁰)..
897 3747 961 3809 Dni
985 3743 1111 3830 [prelati
1135 3756 1168 3810 et
1192 3745 1390 3832 canonicil..
1422 3747 1489 3810 dno
1513 3747 1652 3810 Nicolao
1675 3746 1856 3812 Srzemensi
1879 3745 1980 3810 archi-

427 3856 567 3918 diacono
589 3855 774 3936 vicarioque
799 3855 829 3916 in
853 3852 1081 3935 Spiritualibus
1104 3865 1137 3918 et
1161 3853 1288 3917 officiali
1312 3855 1450 3918 Poznan.
1474 3855 1617 3938 generali
1645 3867 1780 3936 propter
1803 3855 1980 3936 prandium,

427 3963 516 4044 quod
539 3982 633 4044 mgro
658 3961 757 4024 Paulo
782 3962 938 4043 magistro
962 3961 1050 4024 scole
1076 3981 1194 4024 nonam
1220 3944 1352 4026 missam
1376 3963 1554 4026 celebranti
1572 3961 1677 4026 lacere
1700 3965 1860 4046 promisit,
1885 3981 1979 4024 unam

427 4090 569 4132 marcam
594 4069 653 4132 sibi
678 4069 708 4130 in
732 4069 890 4150 pensione
914 4069 1136 4132 defalcandam
1161 4069 1368 4144 dimiserunt,
1401 4071 1450 4134 sin
1483 4071 1516 4132 in
1546 4071 1707 4152 pensione
1734 4069 1893 4134 defalcare
1916 4089 1980 4132 non

426 4177 562 4259 poterit,
587 4177 652 4240 dno
676 4177 877 4259 procuratori
901 4177 1037 4239 eandem
1063 4196 1202 4240 marcam
1227 4176 1304 4239 dare
1327 4176 1612 4241 demandaverunt.

642 4369 686 4433 A.
717 4373 815 4448 1481,
839 4371 907 4433 Iulii
933 4387 968 4450 3,
993 4371 1025 4432 in
1049 4373 1192 4453 capitulo
1217 4371 1368 4454 generali.
1425 4423 1428 4429 .

534 4509 620 4579 697.
644 4513 708 4594 (IV.
732 4512 809 4596 49⁰).
834 4511 878 4576 A.
903 4513 944 4576 D.
961 4511 1263 4589 MCCCCLXXXI,
1287 4513 1466 4577 indiccione
1482 4513 1570 4589 XIV,
1587 4512 1793 4596 pontificatus
1809 4515 1863 4578 dni
1880 4516 1979 4579 nostri

426 4620 509 4684 Sixti
533 4641 619 4702 pape
650 4619 697 4682 lV
728 4639 814 4682 anno
851 4619 882 4682 X
916 4620 1179 4701 capitulum
1215 4621 1447 4702 generale
1482 4641 1542 4704 pro
1566 4621 1651 4684 sesto
1673 4622 1704 4684 b.
1729 4621 1814 4686 Petri
1838 4633 1871 4686 et
1892 4621 1979 4686 Pauli

425 4728 650 4810 apostolorum
675 4725 872 4790 celebratum
897 4727 949 4790 die
972 4747 1050 4790 vero
1074 4728 1187 4792 Martis
1211 4731 1310 4792 tercia
1342 4748 1383 4792 m.
1415 4728 1499 4804 iulii,
1532 4730 1563 4791 in
1593 4731 1759 4810 presencia
1789 4729 1903 4794 Rmi..
1927 4729 1979 4792 dni

426 4835 544 4900 Urielis
569 4834 598 4896 d.
621 4855 653 4916 g.
678 4833 741 4914 Epi
765 4833 914 4908 Poznan.,
939 4855 1046 4897 vener.
1071 4835 1125 4898 dni
1148 4835 1258 4898 Adam
1289 4835 1330 4898 de
1362 4835 1561 4899 Dambrowa
1592 4837 1748 4909 decanus,
1779 4837 1917 4900 lacobus
1939 4835 1979 4900 de

424 4943 617 5025 Vygonovo
641 4941 844 5005 decretorum
869 4941 992 5016 doctor,
1018 4941 1222 5016 scolasticus
1248 4943 1401 5008 Nicolaus
1425 4944 1465 5006 de
1488 4943 1608 5007 Scudla
1631 4942 1876 5008 archidiaconus
1891 4942 1978 5008 Srze·

426 5051 546 5112 mensis
570 5051 602 5111 in
626 5049 762 5111 ecclesia
786 5048 925 5112 Poznan.
957 5049 1164 5112 decretorum
1197 5049 1320 5125 doctor,
1351 5051 1505 5114 Nicolaus
1537 5051 1576 5114 de
1605 5051 1809 5132 Mnyschevo
1831 5051 1979 5114 archidia-

424 5177 526 5219 conus
550 5157 819 5220 Varschoviensis
844 5158 876 5219 in
899 5157 1035 5220 ecclesia
1059 5157 1209 5232 Poznan.,
1235 5157 1387 5220 Andreas
1406 5157 1446 5220 de
1462 5157 1649 5241 Rogalyn0‚
1674 5178 1755 5240 mgr.
1771 5157 1924 5222 Nicolaus
1940 5160 1978 5221 de

424 5263 547 5328 Costen
564 5265 768 5327 decretorum
785 5265 909 5340 doctor,
926 5265 1086 5327 Iohannes
1103 5264 1143 5326 de
1159 5265 1316 5347 Popowo,
1340 5265 1465 5328 Hector
1480 5266 1520 5328 de
1538 5265 1761 5346 Cozyemyno‚
1787 5265 1924 5328 lacobus
1939 5266 1978 5328 de

424 5371 578 5445 Iablowo,
602 5371 764 5435 Iohannes
784 5373 825 5434 de
842 5371 1001 5446 Lukowo,
1026 5373 1187 5435 Iohannes
1204 5373 1244 5435 de
1261 5369 1480 5453 Gylowyecz,
1505 5371 1659 5435 Nicolaus
1676 5371 1716 5434 de
1733 5371 1844 5444 Czacz,
1868 5371 1977 5435 Petrus

425 5478 466 5541 de
489 5476 641 5561 Smygel,
673 5478 832 5542 Martinus
863 5480 905 5542 de
936 5479 1181 5562 Nyechanowo,
1212 5479 1463 5543 Bartholomeus
1493 5479 1713 5563 Kyelbassza‚
1749 5479 1908 5542 Iohannes
1938 5479 1978 5541 de

426 5586 550 5662 Xansz‚
576 5587 735 5650 Albertus
759 5585 859 5651 Scora
884 5587 925 5649 de
942 5575 1025 5672 Gay}
1052 5587 1165 5651 Petrus
1181 5587 1222 5650 de
1239 5587 1425 5672 Rambyno,
1449 5587 1607 5650 Martinus
1623 5585 1701 5674 Slap
1717 5587 1758 5652 de
1775 5585 1976 5658 Dambrowa,
