4390 6368
960 573 1054 626 ACTA
1073 573 1236 626 CAPlTULl
1255 571 1509 625 POZNANIENSIS

1562 667 1592 670 —
1611 661 2009 672 ..„.—.-—.-.-----——-·

666 790 709 852 A.
740 803 838 869 1520,
863 787 1066 870 Septembris
1089 807 1127 868 4,
1151 791 1184 852 in
1208 788 1360 872 capitulo.

564 927 673 995 1101.
709 930 807 1010 (Vlll.
837 930 962 1010 123⁰)..
987 907 1105 994 Vener.
1130 931 1184 992 dni
1210 979 1239 994 ..
1265 929 1379 1012 prelati
1415 939 1448 994 et
1484 931 1630 991 canonici
1655 977 1682 992 ..
1706 929 1944 992 constituerunt
1967 926 2008 990 ad

452 1039 664 1101 sinodum
689 1038 1045 1118 provincialem
1077 1040 1108 1100 in
1134 1038 1285 1100 Lancicia
1310 1059 1369 1118 pro
1393 1037 1478 1098 sesto
1503 1036 1692 1098 Natiuitatis
1716 1035 1817 1098 Marie
1841 1056 1935 1116 prox.
1960 1055 2009 1096 ce·

452 1144 641 1208 lebrandam
665 1146 766 1208 ituros
790 1165 897 1208 vener.
923 1146 1005 1206 dnos
1041 1145 1234 1206 Anzelrnum
1258 1143 1298 1206 de
1322 1143 1463 1206 Lulrovo
1487 1155 1670 1214 cantorem,
1707 1142 1887 1204 Iohannem
1911 1140 2009 1203 Char-

452 1253 592 1334 bowsky
626 1252 832 1314 decretorum
868 1252 1038 1314 doctorem
1070 1263 1103 1314 et
1142 1251 1313 1314 officialem
1349 1263 1409 1315 etc.
1445 1265 1477 1313 et
1514 1250 1683 1314 Nicolaum
1721 1249 2002 1328 Domanilrowsky

452 1359 576 1441 Migdal
599 1361 774 1421 canonicos
798 1359 938 1422 Poznan.
963 1360 994 1420 in
1018 1379 1095 1422 suos
1119 1371 1347 1440 procuratores
1370 1379 1445 1421 cum
1470 1369 1635 1440 potestate
1660 1356 1803 1440 plenaria
1818 1405 1847 1419 ..

667 1551 709 1616 A.
738 1567 836 1632 1520,
861 1552 1057 1614 Novembris
1087 1569 1138 1626 12,
1164 1553 1196 1614 in
1220 1552 1363 1632 capitulo
1387 1551 1541 1633 generali.

564 1690 676 1758 1102.
701 1693 808 1775 (VIII.
838 1693 931 1775 126⁰).
957 1693 1081 1755 Ibidem
1106 1695 1334 1769 decreverunt,
1359 1705 1393 1756 ut
1418 1693 1553 1774 quilibet
1576 1693 1713 1754 dnorum
1739 1694 1918 1774 regentium
1936 1711 2009 1752 con·

454 1801 572 1864 scribat
597 1803 707 1863 omnia
741 1802 858 1862 damna
881 1802 953 1862 111111
977 1821 1014 1861 ac
1039 1802 1099 1880 ipsi
1123 1801 1249 1882 regenti
1274 1811 1306 1863 et
1329 1801 1560 1863 kmethonibus
1593 1821 1651 1880 per
1685 1799 1811 1861 nobiles
1836 1799 1905 1861 sivo
1929 1799 2010 1860 sti-

454 1908 715 1988 pendarios
738 1909 781 1968 in
806 1907 982 1969 bellum
1007 1917 1121 1970 euntes
1146 1907 1252 1992 [lacta]
1277 1919 1310 1971 et
1334 1917 1514 1989 regestrum
1539 1907 1682 1987 capitulo
1707 1907 1850 1988 generali
1873 1905 2009 1967 durante

454 2013 526 2076 dnis
551 2024 773 2094 representet.
788 2061 796 2076 .

668 2206 708 2270 A.
738 2221 836 2286 1520,
861 2205 1057 2270 Novembris
1082 2222 1139 2286 23,
1162 2207 1193 2268 in
1217 2206 1361 2287 capitulo
1385 2206 1538 2288 generali.

564 2345 676 2413 1103.
698 2347 807 2432 (VIII.
838 2349 929 2430 127⁰).
955 2348 1080 2412 Ibidem
1105 2347 1220 2430 prelati
1244 2349 1298 2410 dni
1323 2347 1482 2412 habentes
1506 2349 1802 2412 considerationem
1825 2349 1866 2410 ad
1890 2348 2007 2409 damna

409 2503 411 2510 .
453 2455 666 2518 lrmethonum
691 2466 724 2519 et
748 2456 882 2518 aliorum
920 2455 1122 2518 subditorum
1157 2457 1188 2516 in
1213 2455 1296 2517 villis
1331 2455 1625 2535 prestimonialibus
1659 2477 1719 2536 per
1753 2466 1923 2518 euntes
1957 2453 2009 2516 ad

453 2563 626 2626 bellum
652 2564 729 2642 ipsis
752 2563 841 2624 illata
865 2573 897 2626 et
921 2562 1006 2624 facta
1042 2564 1269 2637 decreverunt,
1302 2575 1336 2625 ut
1360 2565 1530 2643 unicuique
1554 2563 1628 2624 ville
1652 2561 1743 2624 fieret
1767 2563 1912 2624 remissio
1937 2581 2007 2623 cen·

455 2690 510 2733 sus
533 2669 565 2732 in
588 2668 696 2751 aliqua
731 2671 913 2752 quantitate
949 2669 1026 2730 alias
1051 2671 1142 2731 iuxta
1179 2671 1393 2750 exigentiam.
1430 2671 1526 2731 etiarn
1551 2681 1584 2732 et
1608 2669 1739 2732 cuilibet
1774 2667 1943 2730 kmethoni
1967 2668 2007 2729 de

454 2777 573 2838 damno
597 2776 726 2858 singulo
750 2776 933 2839 intellecto:
969 2777 1119 2838 videlicet
1145 2777 1198 2839 ubi
1222 2775 1276 2838 vel
1299 2778 1348 2838 cui
1372 2779 1472 2839 maius
1509 2775 1663 2838 damnum
1687 2787 1738 2840 est
1762 2776 1901 2855 illatum,
1936 2773 2008 2855 plus

453 2884 683 2958 dimitteretur,
718 2895 752 2946 et
775 2884 829 2946 ubi
865 2884 970 2945 minus
995 2883 1036 2945 de
1060 2884 1180 2944 damno
1217 2884 1386 2962 reperitur,
1423 2903 1537 2962 parum
1572 2883 1624 2946 vel
1660 2882 1755 2944 nichil
1790 2883 1831 2944 de
1853 2902 1951 2944 censu
1977 2890 2011 2942 et

452 2990 522 3052 aliis
545 2991 760 3054 solutionibus
784 2993 978 3068 remittatur;
1002 3005 1035 3053 et
1060 2989 1104 3052 ita
1128 2992 1226 3051 etiam
1249 2989 1431 3052 faciendum
1457 2990 1627 3052 voluerunt
1651 2989 1692 3052 de
1718 2989 1908 3052 utilitatibus
1932 2988 2008 3050 dno-

453 3117 523 3158 rum
548 3099 728 3178 regentium
753 3099 903 3161 uidelicet
928 3098 1088 3178 pecuniiS,
1123 3117 1242 3170 avena,
1278 3097 1349 3158 ovis
1373 3107 1406 3158 et
1429 3097 1540 3177 gallis;
1577 3107 1609 3158 et
1635 3095 1724 3176 quod
1747 3099 1841 3159 istam
1867 3095 2011 3157 modera-

453 3207 575 3268 tionem
601 3203 705 3268 lacere
729 3207 834 3286 possit
858 3215 1050 3286 procurator
1072 3223 1146 3264 cum
1170 3213 1312 3284 regente.
1340 3203 1403 3266 Ubi
1428 3224 1505 3265 vero
1523 3206 1645 3266 maiora
1661 3216 1695 3265 et
1712 3201 1867 3266 notabilia
1891 3201 2009 3263 damna

453 3323 562 3378 essent
586 3313 689 3390 illata,
713 3311 754 3373 ad
779 3311 946 3374 arbitrium
971 3311 1109 3372 dnorum
1134 3307 1200 3372 fieri
1223 3310 1356 3372 debebit
1381 3312 1561 3373 moderatio
1585 3311 1636 3373 vel
1659 3310 1811 3374 dimissio

667 3505 709 3570 A
739 3520 838 3585 1521,
862 3504 1001 3568 ianuarii
1025 3519 1054 3584 7,
1080 3504 1287 3592 inucapitulo

564 3644 676 3713 1104.
700 3646 802 3730 (VIII.
832 3649 945 3729 128)..
970 3647 1088 3710 Vener.
1114 3647 1167 3708 dni
1203 3646 1381 3709 Anzelmus
1416 3657 1546 3717 cantor,
1582 3645 1746 3709 lohannes
1780 3644 2008 3727 Slawyensky,

453 3755 605 3818 Andreas
630 3755 844 3836 Czysyelsky,
877 3753 1101 3836 Sigismundus
1126 3753 1166 3815 de
1190 3753 1411 3834 Camyenecz‚
1436 3754 1590 3816 Nicolaus
1615 3751 1751 3833 Olesky‚
1775 3751 1921 3815 Thomas
1944 3750 2011 3815 Go-

452 3863 672 3943 czallrowslry,
697 3861 860 3925 Iohannes
884 3861 1066 3942 Lanczsky‚
1089 3859 1253 3922 lohannes
1278 3860 1491 3923 Charbowslri
1516 3861 1721 3922 decretorum
1746 3859 1871 3930 doctor,
1894 3859 2011 3922 Petrus

453 3969 661 4050 Gunyczsky,
698 3969 861 4031 lohannes
896 3967 1035 4048 Volsky,
1072 3967 1266 4030 Valentinus
1301 3967 1493 4049 Cucharsky
1524 3978 1557 4030 et
1581 3967 1739 4030 Martinus
1762 3965 2012 4047 Swyacziczslry

419 4153 420 4156 Ἴ
452 4078 568 4158 prelati
592 4088 625 4139 et
649 4076 795 4137 canonici
819 4075 954 4136 ecclesie
980 4076 1116 4138 Poznan.
1140 4085 1267 4138 attenta
1290 4076 1477 4137 conditione
1502 4075 1653 4136 deteriori
1677 4076 1708 4136 in
1733 4073 1816 4135 villis
1841 4075 2012 4154 prestimo-

453 4184 589 4246 nialibus
613 4181 724 4245 Gorlra
748 4193 781 4245 et
805 4183 1032 4244 Tworzilrowo
1058 4193 1193 4264 propter
1216 4183 1487 4244 incurabilitatem
1512 4192 1544 4244 et
1569 4181 1801 4262 negligentiam
1827 4200 1936 4243 vener.
1955 4179 2012 4242 dni

452 4291 607 4354 iohannis
642 4289 857 4370 Mrokowsky
891 4288 1107 4351 archidiaconi
1142 4289 1412 4352 Varschoviensis
1444 4289 1589 4370 regentis
1625 4289 1801 4351 earundem
1832 4309 1875 4349 ex
1900 4287 2011 4350 multis

456 4401 561 4462 causis
587 4398 719 4462 iactam:
752 4399 890 4478 primurn
915 4419 956 4458 ex
980 4417 1036 4470 eo,
1062 4398 1134 4477 quia
1159 4397 1218 4459 sub
1242 4397 1380 4459 tumultu
1405 4394 1522 4458 bellico
1546 4397 1695 4476 proxime
1719 4397 1877 4476 preterito
1902 4413 2010 4475 neque

453 4507 568 4588 aliquis
592 4507 672 4568 alius
708 4508 857 4586 provisor
881 4504 1061 4567 habebatur
1085 4507 1116 4566 in
1142 4505 1223 4567 villis
1258 4505 1397 4578 eisdem,
1434 4504 1488 4584 qui
1511 4501 1707 4566 lrmethones
1731 4512 1765 4564 et
1789 4501 1944 4584 dirigeret
1966 4511 2011 4573 et,

454 4625 610 4694 quantum
635 4614 699 4676 lieri
724 4623 854 4694 posset,
886 4611 1091 4684 defenderet,
1123 4613 1177 4673 ubi
1201 4613 1299 4673 etiam
1323 4613 1384 4692 ipsi
1407 4609 1602 4672 lnnethones
1626 4609 1722 4672 valde
1744 4611 1896 4689 oppressi
1923 4619 1954 4672 et
1980 4610 2012 4670 in

453 4721 562 4783 multis
585 4719 779 4783 damnificati
804 4719 944 4793 fuerunt,
973 4730 1007 4781 et
1032 4728 1181 4798 preterea
1205 4739 1223 4778 a
1246 4719 1357 4780 vicinis
1388 4717 1551 4780 nobilibus
1582 4719 1753 4779 continuas
1778 4717 2014 4797 oppressiones

452 4831 616 4910 patiuntur
640 4838 672 4890 et
697 4829 783 4907 passi
808 4837 898 4900 sunt,
924 4827 1000 4889 item
1026 4827 1098 4906 quia
1116 4826 1199 4906 agri,
1224 4825 1319 4900 silve,
1345 4834 1437 4905 prata
1454 4823 1627 4886 earundem
1646 4823 1791 4886 villarum
1809 4845 1868 4903 per
1885 4823 2014 4885 nobiles

451 4936 575 4996 vicinos
600 4934 682 4997 ultra
706 4935 823 4996 limites
847 4944 1006 5014 occupata
1031 4941 1105 4994 sunt
1112 4953 1119 5009 ;
1143 4933 1220 4994 item
1237 4931 1360 4993 edificia
1376 4933 1476 5012 predii
1494 4951 1537 4992 ex
1553 4931 1740 4994 desertione
1757 4929 1903 4992 eiusdem
1921 4930 2016 4992 valde

452 5043 616 5104 destructa
641 5043 793 5114 existunt,
818 5043 914 5102 etiam
932 5061 974 5102 ex
999 5040 1107 5102 multis
1130 5039 1200 5101 aliis
1224 5040 1329 5102 causis
1353 5040 1445 5102 malis
1470 5049 1604 5120 propter
1627 5037 1898 5100 incurabilitatem
1915 5039 2017 5118 ipsius

454 5147 507 5210 dni
532 5149 747 5228 Mrokowslry
770 5150 923 5210 continue
947 5146 1206 5219 succedentibus,
1225 5148 1440 5226 -premissa
1465 5147 1618 5209 citatione
1640 5166 1699 5226 per
1716 5146 1857 5206 edictum
1874 5145 1916 5206 ad
1931 5144 2018 5204 diem

452 5255 641 5317 hodiernam
665 5265 698 5317 et
723 5257 851 5317 nemine
876 5277 919 5318 ex
943 5265 1036 5335 parte
1059 5255 1159 5336 ipsius
1182 5255 1214 5316 in
1238 5255 1377 5317 termino
1401 5263 1612 5334 comparente
1636 5273 1740 5336 neque
1764 5253 2014 5314 contradicente

451 5365 558 5442 ipsum
582 5363 680 5424 dnum
703 5363 966 5425 archidiaconum
990 5373 1159 5443 regentem
1184 5361 1344 5441 prelatum
1369 5363 1399 5422 in
1424 5363 1524 5440 ipsius
1556 5359 1794 5422 contumaciam
1827 5358 1917 5421 dicto
1940 5377 2017 5438 pre-

452 5471 605 5532 stimonio
641 5471 854 5532 decreverunt
890 5469 1079 5550 privandum
1113 5471 1200 5530 etin
1224 5469 1340 5530 ellectu
1377 5470 1586 5548 privaverunt
1620 5476 1653 5528 et
1689 5487 1753 5546 quo
1779 5466 1820 5526 ad
1845 5466 2017 5546 optionem

451 5577 582 5640 alterius
606 5579 808 5660 prestimonii
831 5588 990 5640 statutum
1015 5575 1192 5638 tenendum
1216 5575 1430 5637 decreverunt
1449 5621 1478 5638 ..
1504 5574 1554 5636 Ne
1579 5594 1656 5636 vero
1681 5572 1755 5635 ville
1773 5571 1901 5652 prefate
1916 5591 2017 5652 prop·
