4458 6356
825 584 1006 636 Anuonuu
1026 550 1213 638 uae-1437.
1760 599 1800 666 45

253 675 350 682 ——
355 676 1801 686 mm——ss--ss—

252 796 416 860 obtulistis
440 816 506 868 vos
530 807 564 858 ut
588 799 659 877 pius
683 808 783 878 pater,
809 797 984 872 iacturum,
1008 798 1050 858 ad
1073 799 1304 858 executionem
1329 818 1406 858 vero
1431 799 1561 860 minime
1596 801 1807 878 processistis

251 904 318 966 Iam
342 903 587 966 deliberavimus
611 904 808 984 peramplius
832 925 899 966 non
923 915 1038 978 tacere,
1063 925 1176 985 ymmo
1201 904 1323 968 deferre
1346 906 1412 967 Ptis
1437 905 1478 968 V.
1502 907 1667 983 superiori,
1694 907 1743 966 cui
1767 907 1807 968 de

251 1013 316 1074 iure
334 1011 497 1084 debemus,
523 1008 578 1098 [in]
604 1012 768 1090 premissis
792 1021 824 1074 et
849 1011 917 1074 aliis
942 1011 1070 1074 inferius
1094 1012 1296 1092 descriptis‹.

357 1117 439 1179 Item
463 1129 605 1198 rogetur,
629 1118 716 1198 quod
741 1120 905 1181 staciones
928 1121 959 1180 in
984 1120 1049 1180 suis
1074 1120 1257 1180 civitatibus
1282 1119 1426 1199 deponat
1443 1129 1578 1199 propter
1594 1120 1807 1198 perniciosam

251 1224 517 1286 consuetudinem
542 1245 580 1286 ac
604 1226 714 1300 eciam,
739 1246 779 1286 ne
802 1227 853 1286 via
885 1226 979 1287 detur
1010 1225 1095 1306 Regi
1128 1237 1241 1288 contra
1266 1226 1414 1288 subditos
1443 1225 1586 1296 ecclesie,
1623 1226 1806 1286 reducendo

252 1332 311 1393 sibi
336 1332 376 1394 ad
401 1331 590 1393 memoriam
626 1352 788 1412 expensas
812 1332 914 1395 iactas
937 1335 968 1394 in
994 1333 1079 1395 curia
1115 1333 1265 1394 Romana
1298 1353 1356 1414 per
1387 1333 1495 1394 dnum·
1522 1333 1710 1394 Laskarium
1747 1352 1806 1412 pro

252 1458 361 1500 earum
386 1441 607 1502 revocacione.

356 1545 438 1608 Item
461 1548 627 1627 rogandus
651 1557 709 1618 est,
742 1557 778 1609 ut
801 1547 905 1628 sigilla
937 1548 1204 1628 predecessorum
1237 1567 1366 1608 suorum
1396 1568 1435 1608 ac
1458 1567 1515 1608 sua
1540 1555 1715 1626 nostraque
1739 1567 1805 1626 pre-

251 1652 398 1714 sentibus
428 1673 574 1733 appensa
610 1673 676 1714 non
705 1655 804 1716 violet
828 1655 859 1716 in
884 1665 1027 1717 nostram
1064 1655 1272 1736 ignominiam
1308 1674 1503 1734 suorumque
1539 1654 1806 1734 predecessorum

251 1779 289 1820 ac
312 1779 417 1832 suam,
443 1761 517 1840 quia
542 1761 649 1824 multis
673 1761 797 1823 vicibus
822 1761 984 1841 impulsati
1009 1782 1119 1824 sumus
1143 1782 1201 1842 per
1224 1763 1311 1823 cives
1336 1761 1377 1822 de
1400 1759 1546 1842 Slupcza.

356 1865 439 1928 Item
463 1879 596 1948 rogetur
619 1868 660 1930 de
683 1868 800 1930 debitis
824 1869 951 1948 liquidis
987 1868 1136 1931 videlicet
1167 1869 1207 1930 de
1240 1866 1431 1948 Gyeczewa,
1467 1868 1644 1930 Fawkowa
1668 1878 1700 1930 et
1724 1869 1803 1947 aliis,

253 1993 386 2053 quarum
411 1993 509 2036 voces
533 1984 566 2036 et
589 1976 719 2056 querele
743 1975 784 2038 ad
809 1975 912 2038 celum
938 1987 999 2039 etc.

357 2079 438 2142 Item
464 2091 595 2162 rogetur
612 2081 652 2143 de
668 2083 742 2144 villa
759 2081 964 2164 Crayewniki
981 2085 1064 2146 circa
1086 2083 1227 2162 Crobya,
1246 2081 1303 2168 [ut]
1323 2085 1484 2162 pecunias,
1509 2103 1589 2164 quas
1613 2103 1673 2162 pro
1690 2082 1803 2144 eadem
1863 2137 1865 2141 ,

252 2187 383 2268 recepit,
407 2209 467 2267 pro
492 2191 706 2269 exempcione
730 2189 810 2252 alius
833 2192 908 2252 ville
924 2190 1077 2268 Sydlewa
1101 2191 1245 2271 obligate
1271 2191 1428 2252 restituat.

357 2295 438 2356 Item
475 2298 563 2357 iuxta
599 2307 828 2360 testamentum
863 2319 921 2378 per
953 2300 1057 2378 ipsum
1092 2299 1259 2360 conditum
1285 2309 1317 2359 et
1341 2297 1554 2358 donacionem
1590 2297 1805 2369 subsecutam,

252 2400 340 2480 quod
364 2421 416 2464 res
439 2423 498 2482 per
520 2404 626 2483 ipsum
650 2404 788 2466 donatas
812 2425 849 2466 ac
874 2406 975 2466 eciam
1009 2415 1136 2467 nostras
1169 2424 1304 2478 crucem,
1341 2404 1441 2466 libros
1465 2416 1498 2466 et
1521 2403 1600 2465 alias
1624 2425 1681 2484 per
1705 2403 1802 2464 dnum

251 2506 442 2571 Laskarium
466 2511 593 2592 legatas
616 2511 765 2574 restituat
788 2521 821 2573 et
845 2512 928 2574 circa
952 2512 1120 2574 ecclesiam
1145 2523 1293 2591 reponat.

359 2667 447 2735 209.
474 2671 554 2734 Item
579 2673 764 2752 oppidanos
788 2673 900 2753 oppidi
924 2672 1126 2744 Waliszewo,
1152 2675 1206 2754 qui
1231 2675 1292 2734 iam
1318 2675 1433 2734 domos
1458 2685 1490 2736 et
1514 2693 1604 2735 areas
1629 2673 1805 2752 possident,

251 2779 292 2840 ad
315 2789 453 2860 quatuor
477 2799 587 2850 annos,
620 2778 680 2841 hos
704 2801 790 2853 vero,
824 2783 876 2860 qui
901 2783 1028 2842 noviter
1051 2802 1142 2843 areas
1166 2783 1313 2860 accipere
1338 2781 1506 2851 voluerint,
1536 2781 1576 2840 ad
1602 2791 1677 2841 octo
1702 2799 1805 2840 annos

250 2906 270 2947 a
293 2885 512 2948 solucionibus
536 2887 774 2959 libertaverunt,
799 2890 843 2949 ita
867 2899 984 2961 tamen,
1010 2889 1096 2968 quod
1120 2909 1275 2970 aggerem
1299 2888 1472 2950 reformare
1496 2899 1677 2949 tencantur.

466 3115 509 3178 A.
540 3117 629 3195 1436,
654 3116 846 3180 Decembris
871 3136 921 3197 29,
946 3119 977 3180 in
1002 3118 1152 3199 capitulo.

358 3253 447 3320 210.
473 3257 504 3338 (Ι.
538 3257 664 3338 181⁰)..
701 3259 734 3320 ln
759 3259 857 3320 domo
893 3281 999 3322 vener.
1026 3261 1078 3321 dni
1099 3260 1255 3339 Johannis
1288 3261 1327 3320 de
1360 3259 1553 3321 'I‘wardowo
1589 3258 1803 3318 archidiaconi

252 3363 448 3426 Srzemensis
470 3363 553 3425 idem
578 3365 660 3426 dnus
688 3365 852 3444 Johannes
887 3365 1138 3436 archidiaconus,
1177 3367 1329 3428 Nicolaus
1365 3366 1557 3434 Ianthman,
1594 3364 1733 3425 Mathias
1765 3363 1805 3424 de

251 3469 424 3542 Tarnow0,
446 3471 609 3549 Johannes
632 3471 773 3533 Furman
799 3483 831 3534 et
856 3473 1019 3558 Philippus
1043 3474 1206 3536 Ceczurad
1231 3495 1338 3535 vener.
1364 3475 1464 3534 virum
1491 3491 1618 3552 nigrum
1644 3471 1804 3532 Strzesch-

253 3577 369 3638 konem
395 3577 600 3640 scolasticum
624 3578 866 3641 Lanciciensem
891 3601 1003 3643 versus
1038 3581 1061 3642 P
1074 3583 1374 3661 yotrcoviam
1409 3581 1449 3640 ad
1473 3561 1737 3640 convencionem'
1754 3599 1803 3637 nu-

253 3687 389 3765 perrime
414 3685 638 3746 celebrandam
664 3687 693 3746 in
719 3686 811 3748 iactis
836 3689 970 3749 ecclesie
995 3689 1111 3750 iturum
1137 3691 1383 3768 deputaverunt,
1419 3689 1467 3746 cui
1499 3697 1575 3747 octo
1601 3705 1724 3745 marcas
1748 3705 1806 3764 per

253 3803 478 3870 procuratores
503 3792 676 3854 modernos
698 3793 738 3854 ad
762 3793 859 3856 Dom.
885 3793 1003 3857 Letare
1034 3797 1163 3857 racione
1197 3815 1413 3876 expensarum
1440 3792 1562 3853 dandas
1587 3792 1806 3853 decreverunt.

464 4002 507 4065 A.
538 4018 629 4083 1437,
653 4003 797 4085 Augusti
822 4018 872 4083 27,
897 4007 928 4065 in
953 4005 1103 4085 capitulo

358 4141 447 4208 211.
471 4145 503 4224 (Ι.
534 4146 631 4224 182⁰).
658 4145 718 4208 Die
741 4147 855 4208 Martis
880 4145 1056 4227 penultima
1082 4167 1122 4208 m.
1149 4145 1291 4226 Augusti
1308 4147 1330 4227 ¹)
1364 4147 1394 4206 in
1420 4146 1494 4206 loco
1518 4145 1684 4225 capitulari
1710 4165 1802 4205 venc-

251 4251 404 4314 rabilibus
428 4262 460 4312 et
484 4251 728 4315 honorabilibus
752 4254 826 4315 viris
851 4254 921 4315 dnis
953 4253 1153 4334 Wysschota
1189 4255 1364 4332 preposito,
1402 4251 1538 4313 Nicolao
1570 4251 1804 4322 archidiacono,

251 4357 386 4419 Nicolao
410 4369 552 4427 cantore,
573 4359 720 4438 Johanne
744 4360 968 4422 Twardowshi
985 4360 1219 4432 archidiacono,
1245 4360 1381 4421 Nicolao
1399 4359 1600 4430 cancellario,
1620 4357 1804 4435 laschkone

250 4465 374 4526 decano
399 4464 590 4536 Gneznensi,
626 4487 719 4548 mgro
751 4466 997 4540 Strzeschlrone,
1029 4467 1152 4545 Jacobo
1188 4467 1307 4528 vicario
1342 4468 1371 4526 in
1405 4465 1630 4546 Spiritualibus
1665 4465 1803 4526 Poznan.

252 4573 402 4652 generali,
437 4573 575 4634 Nicolao
599 4573 792 4650 Lanthman,
830 4575 980 4644 Hectore,
1017 4573 1138 4636 Mathia
1163 4574 1203 4635 de
1228 4574 1402 4642 Tarnouo,
1434 4573 1581 4652 Johanne
1606 4572 1747 4634 Furman
1772 4583 1804 4634 et

254 4677 400 4759 Philippo
418 4679 589 4754 Ceczurad,
613 4681 745 4761 prelatis
769 4693 801 4745 et
825 4683 987 4744 canonicis
1009 4683 1050 4742 ad
1073 4702 1189 4743 sonum
1213 4701 1369 4760 campane
1394 4680 1611 4759 capitulariter
1628 4699 1804 4760 congrega-

360 4995 379 5058 ¹)
400 4997 466 5044 Data
485 4997 545 5045 clnia
564 4997 693 5060 clolrladua
709 4987 753 5045 ¹ule
770 4999 832 5061 jest;
863 5011 896 5059 30
914 4999 1023 5062 slerpuia
1045 4998 1160 5062 wypacial
1187 5015 1207 5044 w
1228 5014 1246 5044 r.
1272 5007 1335 5058 1437
1357 5013 1388 5043 nn
1410 4997 1478 5042 »dics
1500 4995 1637 5059 Veneri5‹;
1663 5014 1675 5044 z
1699 4997 1731 5059 tej
1751 4996 1803 5042 nie-

250 5086 386 5148 zgoclnos²ci
401 5085 510 5134 wszalcle
529 5086 569 5134 uie
583 5085 671 5133 moino
683 5087 777 5150 jcszcze
793 5087 917 5150 wyciagac‘
938 5087 1049 5135 wnioslnr
1069 5086 1210 5150 praeciwlco
1231 5085 1431 5149 wiarogodnosci
1446 5086 1505 5149 dnty
1519 5085 1589 5136 rolcu.
1611 5085 1803 5150 Sprawrlaiusty

250 5176 359 5224 howiem
388 5175 517 5240 wszysthie
545 5176 605 5240 daty
632 5193 653 5223 w
674 5175 685 5222 l
704 5176 804 5238 lcsiedze
828 5175 911 5224 ahtow
936 5176 1048 5240 kapitnly
1075 5177 1147 5226 l'ozu,
1174 5176 1307 5239 ‹losalismy
1333 5177 1367 5222 (lo
1387 5175 1564 5240 praehonania,
1595 5174 1621 5221 z’e
1650 5173 1802 5237 porlohnych

249 5265 419 5330 sprzeczuosci
443 5264 569 5329 napotkac‘
589 5264 677 5312 moiun
696 5266 791 5313 harclzo
811 5265 894 5326 wiele3
924 5277 1005 5328 czesto
1025 5275 1107 5314 nawet
1127 5274 1258 5328 uotaryusz
1281 5265 1434 5328 unpisnwsay
1460 5263 1529 5312 »dies
1556 5263 1641 5311 Lune«
1664 5263 1707 5310 lul)
1735 5262 1803 5310 »dies

252 5355 371 5402 Veneris«
394 5355 434 5402 nie
453 5354 531 5418 podal
550 5354 629 5419 liczby
648 5355 824 5418 porzndlcorvej
844 5365 903 5418 rogo
922 5356 981 5403 duia
1002 5373 1023 5400 w
1042 5356 1135 5420 (lariym
1155 5355 1280 5417 miesincu.
1306 5354 1452 5402 Widoeznie
1476 5353 1537 5417 wiec
1559 5371 1617 5417 przy
1641 5352 1801 5416 tuprisyn'aniu

249 5445 294 5492 dat
316 5444 376 5491 dnin
394 5453 483 5508 expost
501 5443 694 5492 nieobchodrilo
714 5445 758 5507 sie,
779 5462 799 5491 w
820 5445 883 5492 olrec
903 5444 1065 5508 opiesmlosci
1091 5445 1195 5508 pisaray,
1215 5445 1260 5490 hez
1280 5443 1392 5507 caestych
1414 5442 1504 5504 mylek.
1538 5443 1578 5490 Na
1597 5442 1756 5489 okolicauusc‘
1777 5451 1800 5504 le

250 5533 419 5596 zwraculismy
439 5548 527 5595 ravage
544 5532 584 5596 jul
602 5531 772 5580 killakromie
793 5534 960 5597 popraerlni05
990 5535 1195 5598 praypominamy
1217 5534 1242 5595 ja
1267 5534 1373 5580 obccnic
1393 5548 1433 5578 raa
1452 5533 1545 5594 iesacze
1565 5547 1577 5577 z
1596 5531 1705 5595 powodu
1724 5545 1802 5577 sacae·

251 5623 421 5690 gdlniejszego
440 5621 579 5685 znaczenia,
598 5620 665 5684 jnkie
686 5623 752 5685 maja
771 5623 842 5685 idaco
862 5633 928 5672 teraz
946 5623 1040 5686 rapiski
1060 5623 1102 5672 dle
1121 5623 1237 5687 biogralii
1257 5621 1405 5670 Stanislawa
1424 5620 1522 5670 Ciollra.
