4458 6356
885 576 980 626 ACTA
998 575 1161 625 CAPITULI
1180 573 1434 624 POZNANIENSIS

719 668 904 675 --—--
915 667 1071 674 --Ἀ
1081 669 1098 672 -
1108 667 1139 672 ..-
1153 667 1339 673 —-———--
1365 665 1933 674 ——-—————.—.—

591 787 634 850 A.
664 802 755 868 1435,
780 787 970 850 Decembris
999 804 1052 860 10,
1077 787 1107 849 in
1133 786 1285 868 capitulo.

493 923 575 992 182.
600 927 631 1008 (I.
661 928 788 1006 164⁰)..
823 927 942 991 Vener.
967 939 1000 992 et
1024 927 1138 992 honor.
1161 929 1216 991 dni
1246 927 1386 991 Mathias
1410 927 1502 1010 Drya
1525 928 1684 1004 decanus,
1716 927 1870 991 Nicolaus
1893 928 1934 992 de

384 1031 618 1096 Glamboczecz
648 1035 903 1108 archidiaconus,
939 1055 1019 1116 mgr.
1049 1035 1211 1110 Strzeslr0,
1247 1035 1360 1099 Petrus
1392 1035 1573 1116 Nowyecz,
1608 1035 1743 1116 Hector,
1770 1034 1935 1116 lohannes

383 1139 541 1215 Forman,
576 1141 742 1223 Philippus
765 1141 928 1206 Ceczurad
952 1143 1066 1224 prelati
1090 1154 1123 1206 et
1155 1143 1342 1223 canonici..
1377 1141 1489 1206 honor.
1522 1145 1624 1206 virum
1655 1142 1754 1204 dnum
1778 1142 1934 1205 Mathiam

383 1247 423 1308 de
446 1246 608 1310 Tarnowo
631 1269 746 1311 canon.
771 1249 910 1311 Poznan.
935 1269 954 1310 a
977 1249 1209 1312 releccionibus
1225 1249 1489 1313 distribucionum
1513 1249 1554 1312 ad
1578 1269 1675 1311 unum
1700 1269 1846 1312 mensem
1870 1269 1934 1311 sus·

382 1354 563 1435 penderunt
587 1375 646 1435 pro
671 1375 718 1434 eu,
744 1357 830 1437 quod
855 1357 977 1420 litteras
1001 1357 1143 1438 capitulo
1167 1358 1304 1438 scriptas
1329 1357 1400 1418 dnis
1425 1377 1490 1419 non
1514 1358 1721 1437 presentavit.

595 1547 638 1610 A.
668 1550 757 1628 1436,
778 1549 916 1629 Januarii
945 1565 991 1630 17,
1015 1551 1046 1612 in
1069 1550 1220 1632 capitulo.

583 1663 683 1756 Ι183.
719 1690 754 1773 (Ι.
784 1692 879 1774 165⁰).
915 1692 997 1754 Item
1021 1692 1334 1773 ibidemssprescripti
1358 1692 1412 1755 dni
1435 1692 1550 1774 prelati
1574 1703 1607 1754 et
1631 1691 1778 1754 canonici
1801 1711 1935 1754 consen·

384 1809 494 1861 serunt
525 1809 637 1861 mutuo
669 1810 701 1860 et
732 1798 974 1870 concluserunt,
1010 1800 1096 1880 quod
1128 1819 1235 1862 vener.
1267 1799 1349 1862 dnus
1377 1797 1574 1862 Strzeschko
1604 1797 1794 1861 scolasticus
1823 1797 1934 1860 Lanci-

382 1905 498 1968 ciensis
529 1907 647 1987 poterit
679 1905 782 1968 facere
808 1907 1015 1968 concordiam
1040 1927 1137 1988 super
1168 1907 1262 1969 bonis
1293 1917 1370 1988 post
1400 1907 1524 1969 obitum
1556 1906 1610 1968 dni
1641 1905 1726 1968 Petri
1756 1904 1934 1969 Cobilinski

381 2012 540 2076 derelictis
564 2033 636 2076 cum
660 2013 822 2076 nobilibus
846 2025 924 2088 etc.,
960 2034 1020 2094 pro
1045 2014 1160 2095 quibus
1184 2014 1242 2078 suit
1265 2024 1388 2077 tractus
1419 2015 1459 2076 ad
1492 2013 1691 2076 iudicium
1723 2011 1933 2076 seculare.

593 2205 635 2269 A.
666 2208 756 2289 1436,
779 2207 918 2288 Januarii
943 2225 1000 2282 22,
1024 2210 1055 2270 in
1080 2209 1233 2290 capitulo,

493 2343 576 2412 184.
601 2348 633 2430 (Ι.
663 2349 775 2430 166)..
809 2348 930 2412 Vener.
954 2359 987 2411 et
1010 2349 1122 2412 honor.
1146 2349 1200 2412 dni
1224 2350 1264 2412 N.
1290 2351 1331 2412 de
1354 2347 1588 2411 Glamboczecz
1611 2347 1869 2416 archidiaconus.
1893 2346 1933 2409 N.

382 2457 422 2518 de
446 2454 558 2518 Gorka
581 2456 804 2532 cancellarius,
823 2457 963 2536 Jacobus
986 2457 1026 2520 de
1050 2456 1172 2520 Grandi
1194 2458 1330 2520 vicarius
1353 2457 1385 2518 in
1409 2453 1649 2536 Spiritualibus,
1675 2455 1714 2518 N.
1739 2454 1932 2527 Lanthman,

382 2562 495 2626 Petrus
518 2563 699 2644 Nowyecz,
725 2583 807 2644 mgr.
832 2561 1035 2636 Strzeschko,
1060 2564 1200 2627 Mathias
1223 2564 1263 2626 de
1286 2563 1450 2626 Tarnowo
1474 2573 1508 2624 et
1527 2561 1693 2642 Johannes
1709 2561 1850 2624 Furman
1867 2580 1934 2642 pre·

382 2669 437 2731 lati
460 2680 493 2732 et
516 2671 661 2732 canonici
686 2669 751 2732 dno
780 2669 914 2734 Andree
945 2671 985 2736 de
1008 2672 1179 2734 Zelechow
1212 2672 1383 2752 capitaneo
1407 2669 1547 2732 Poznan.
1571 2669 1604 2732 X
1627 2669 1800 2732 maldratas
1832 2687 1934 2730 avene

382 2775 593 2840 decreverunt
616 2777 747 2842 dandas.

595 2943 638 3010 A.
668 2949 758 3025 1436,
779 2947 917 3026 Januarii
944 2965 1000 3026 31,
1025 2947 1056 3009 in
1080 2947 1231 3030 capitulo.

492 3083 577 3152 185.
603 3087 638 3168 (1.
668 3089 751 3168 166).
775 3088 858 3151 Item
883 3089 1000 3152 ibidem
1024 3100 1266 3166 concesserunt,
1290 3090 1378 3172 quod
1402 3110 1509 3152 vener.
1534 3090 1617 3153 dnus
1634 3091 1673 3152 N.
1690 3091 1934 3154 archidiaconus

381 3193 477 3256 Pozn.
501 3196 622 3276 poterit
646 3195 750 3259 lacere
772 3197 980 3260 condiciones
1004 3219 1077 3260 curn
1101 3199 1272 3261 decanis
1301 3198 1519 3261 ruralibus
1543 3197 1623 3260 infra
1640 3199 1719 3261 duas
1736 3199 1934 3280 septimanas

292 3383 293 3386 Ἴ
381 3302 412 3362 in
436 3301 747 3366 archidiaconatibus
770 3304 867 3368 Pozn.
893 3315 924 3368 et
948 3303 1145 3380 Srzemensi‚
1176 3307 1226 3368 cui
1249 3306 1375 3368 interim
1400 3305 1650 3388 respondebitur
1673 3305 1714 3368 de
1737 3305 1934 3368 distribucio·

380 3407 474 3471 nibus
498 3409 565 3471 dari
588 3411 761 3473 consuetis.

553 3685 563 3707 s
593 3602 635 3668 A.
666 3605 766 3683 1436,
790 3604 956 3668 Februarii
985 3623 1038 3684 14,
1063 3607 1095 3667 in
1118 3607 1272 3688 capitulo.
1328 3683 1331 3694 Ι

493 3741 576 3809 186.
600 3746 632 3826 (Ι.
663 3747 749 3826 166⁰)
774 3746 813 3811 D.
838 3747 991 3812 Martis„
1016 3747 1131 3810 honor.
1157 3749 1211 3810 dni
1234 3747 1388 3811 Nicolaus
1412 3747 1612 3822 Lanthman,
1637 3749 1777 3812 Mathias
1800 3748 1841 3810 de
1857 3749 1935 3810 Tar-

381 3872 485 3926 n0w0,
509 3853 548 3916 N.
572 3851 748 3928 Srzemski,
775 3853 941 3934 johannes
965 3856 1106 3918 Furman
1130 3866 1163 3918 et
1187 3855 1353 3936 Philippus
1377 3855 1538 3918 Ceczurad
1564 3855 1645 3918 dnos
1671 3855 1846 3919 Hectorem
1872 3856 1935 3919 olli·

380 3959 508 4028 cialem,
533 3969 714 4028 cantorem.
740 3959 779 4024 N.
803 3962 1028 4024 cancellarium
1051 3973 1084 4026 et
1104 3962 1285 4042 Jaroslaum
1309 3964 1350 4024 ad
1375 3963 1482 4044 Epum
1507 3964 1606 4025 ituros
1631 3963 1877 4045 deputaverunt.

488 4063 572 4131 187.
598 4067 696 4148 (lbid.)
730 4068 810 4130 Item
842 4068 960 4130 ibidem
992 4070 1066 4144 hiis,
1103 4073 1157 4151 qui
1180 4071 1221 4132 ad
1252 4073 1586 4132 convencionem
1614 4069 1831 4151 Syradiam
1862 4073 1934 4135 ituri

381 4184 463 4244 sunt,
488 4195 545 4254 per
569 4195 628 4236 sex
651 4195 774 4237 marcas
799 4177 922 4238 dandas
946 4177 1169 4250 decreverunt,
1201 4178 1428 4248 decernentes,
1453 4177 1540 4258 quod
1565 4177 1797 4241 reseccionibus
1822 4180 1935 4260 gaude·

381 4282 468 4352 bunt,
493 4302 530 4343 ac
554 4284 578 4343 si
603 4283 812 4344 residcnciam
838 4283 977 4346 lacerent
1001 4285 1085 4345 clrca
1109 4285 1279 4347 ecclesiam
1304 4284 1520 4365 personalem,
1546 4284 1773 4356 decernentes,
1798 4286 1885 4366 quod
1909 4288 1934 4348 si

381 4389 412 4450 in
436 4401 589 4470 quantum
615 4409 672 4451 eos
696 4390 818 4452 diucius
850 4392 976 4454 tardare
1001 4393 1171 4474 contingat
1202 4393 1298 4454 etde
1327 4393 1465 4474 propriis
1493 4391 1612 4472 aliquid
1644 4395 1867 4472 exposuerint,
1903 4395 1934 4456 id

380 4516 438 4575 per
461 4497 544 4558 dnos
568 4496 688 4558 eisdem
712 4497 906 4561 refundetur.

592 4689 634 4754 A.
664 4693 762 4771 1436,
787 4683 952 4754 Februarii
982 4697 1028 4768 18,
1053 4695 1084 4755 in
1109 4694 1260 4774 capitulo.

489 4829 572 4898 188.
598 4833 633 4916 (l.
664 4835 790 4916 166⁰J..
823 4835 943 4898 Vener.
976 4845 1009 4898 et
1040 4835 1152 4898 honor.
1189 4836 1285 4898 dni..
1315 4835 1431 4914 prelati
1459 4845 1492 4897 et
1524 4835 1715 4897 canonici..
1745 4855 1804 4916 per
1835 4835 1934 4897 dnum

380 4942 418 5002 N.
444 4942 628 5005 Lanthman
654 4964 766 5005 canon.
791 4943 887 5006 Pozn.
922 4964 981 5024 pro
1014 4953 1104 5024 parte
1137 4943 1218 5022 mgri
1251 4941 1312 5004 Th.
1347 4941 1582 5024 Strzampinslri
1612 4945 1724 5024 vigore
1756 4943 1932 5006 litterarum

379 5051 629 5130 apostolicarum
665 5051 809 5131 requisiti
845 5051 949 5132 ipsum
982 5050 1080 5111 dnum
1115 5049 1153 5110 N.
1187 5049 1371 5112 Lanthman
1404 5053 1435 5111 in
1467 5069 1641 5130 personam
1673 5050 1816 5112 eiusdem
1853 5049 1934 5131 mgri

378 5155 609 5239 Strzampinslri
634 5159 665 5220 in
689 5157 882 5220 canonicum
906 5170 939 5221 et
963 5157 1157 5220 confratrem
1181 5167 1417 5238 receperunt..

587 5351 631 5415 A.
662 5353 756 5430 1436,
781 5352 905 5433 Aprilis
934 5355 979 5426 16,
1004 5353 1035 5414 in
1060 5351 1211 5434 capitulo

491 5481 574 5550 189.
600 5487 632 5568 (Ι.
664 5487 777 5569 1611)..
803 5486 867 5548 Dni
891 5487 931 5548 de
955 5486 1097 5568 capitulo
1121 5507 1229 5550 vener.
1255 5487 1342 5550 viros
1366 5487 1449 5551 dnos
1473 5485 1629 5550 Mathiam
1652 5485 1743 5567 Drya
1767 5483 1935 5564 decanum,

380 5593 420 5656 N.
445 5593 718 5670 archidiaconum,
743 5614 869 5676 mgrum
894 5593 1184 5669 Strzeschlronern,
1212 5593 1370 5677 Jacobum
1395 5593 1577 5667 officialem,
1603 5592 1793 5668 Hectorem,
1819 5589 1934 5670 Johan-
