<?xml version="1.0" encoding="UTF-8"?>
<!DOCTYPE html PUBLIC "-//W3C//DTD XHTML 1.0 Transitional//EN"
    "http://www.w3.org/TR/xhtml1/DTD/xhtml1-transitional.dtd">
<html xmlns="http://www.w3.org/1999/xhtml" xml:lang="en" lang="en">
 <head>
  <title>
</title>
<meta http-equiv="Content-Type" content="text/html;charset=utf-8" />
  <meta name='ocr-system' content='tesseract 3.04.00' />
  <meta name='ocr-capabilities' content='ocr_page ocr_carea ocr_par ocr_line ocrx_word'/>
</head>
<body>
  <div class='ocr_page' id='page_1' title='image "actacapitulorum00czubgoog_0176.png"; bbox 0 0 4416 6366; ppageno 0'>
   <div class='ocr_carea' id='block_1_1' title="bbox 918 567 1470 620">
    <p class='ocr_par' dir='ltr' id='par_1_1' title="bbox 918 567 1470 620">
     <span class='ocr_line' id='line_1_1' title="bbox 918 567 1470 620; baseline 0 -2"><span class='ocrx_word' id='word_1_1' title='bbox 918 569 988 619; x_wconf 69' lang='grc' dir='ltr'>ΑΘΓ</span> <span class='ocrx_word' id='word_1_2' title='bbox 990 569 1013 618; x_wconf 84' lang='grc' dir='ltr'><strong>Α</strong></span> <span class='ocrx_word' id='word_1_3' title='bbox 1032 567 1135 619; x_wconf 85' lang='lat' dir='ltr'><strong>CAPIT</strong></span> <span class='ocrx_word' id='word_1_4' title='bbox 1137 569 1195 620; x_wconf 86' lang='lat' dir='ltr'>ULI</span> <span class='ocrx_word' id='word_1_5' title='bbox 1214 569 1470 619; x_wconf 84' lang='lat' dir='ltr'>POZNANIENSIS</span> 
     </span>
    </p>
   </div>
   <div class='ocr_carea' id='block_1_2' title="bbox 629 781 1216 864">
    <p class='ocr_par' dir='ltr' id='par_1_2' title="bbox 629 781 1216 864">
     <span class='ocr_line' id='line_1_2' title="bbox 629 781 1216 864; baseline -0.002 -20"><span class='ocrx_word' id='word_1_6' title='bbox 629 782 672 845; x_wconf 91' lang='lat' dir='ltr'>A.</span> <span class='ocrx_word' id='word_1_7' title='bbox 702 784 785 861; x_wconf 89' lang='lat'>1496</span> <span class='ocrx_word' id='word_1_8' title='bbox 794 833 800 855; x_wconf 88' lang='lat'><em>,</em></span> <span class='ocrx_word' id='word_1_9' title='bbox 825 782 904 844; x_wconf 91' lang='lat' dir='ltr'>Iunii</span> <span class='ocrx_word' id='word_1_10' title='bbox 935 799 981 854; x_wconf 84' lang='lat' dir='ltr'>ro,</span> <span class='ocrx_word' id='word_1_11' title='bbox 1006 781 1037 844; x_wconf 93' lang='lat' dir='ltr'>in</span> <span class='ocrx_word' id='word_1_12' title='bbox 1061 781 1216 864; x_wconf 92' lang='lat' dir='ltr'>capitulo.</span> 
     </span>
    </p>
   </div>
   <div class='ocr_carea' id='block_1_3' title="bbox 411 921 1972 1542">
    <p class='ocr_par' dir='ltr' id='par_1_3' title="bbox 411 921 1972 1542">
     <span class='ocr_line' id='line_1_3' title="bbox 521 921 1970 1006; baseline -0.004 -16"><span class='ocrx_word' id='word_1_13' title='bbox 521 921 607 990; x_wconf 82' lang='lat'>857.</span> <span class='ocrx_word' id='word_1_14' title='bbox 631 925 686 1006; x_wconf 83' lang='lat' dir='ltr'>(V.</span> <span class='ocrx_word' id='word_1_15' title='bbox 717 927 829 1003; x_wconf 87' lang='lat'><em>110)..</em></span> <span class='ocrx_word' id='word_1_16' title='bbox 857 923 919 984; x_wconf 92' lang='lat' dir='ltr'>Dni</span> <span class='ocrx_word' id='word_1_17' title='bbox 943 924 1119 1003; x_wconf 78' lang='lat' dir='ltr'>supradicti</span> <span class='ocrx_word' id='word_1_18' title='bbox 1143 924 1336 986; x_wconf 87' lang='lat' dir='ltr'>citacionem</span> <span class='ocrx_word' id='word_1_19' title='bbox 1354 923 1427 986; x_wconf 90' lang='lat' dir='ltr'>Rmi</span> <span class='ocrx_word' id='word_1_20' title='bbox 1445 924 1498 986; x_wconf 94' lang='lat' dir='ltr'>dni</span> <span class='ocrx_word' id='word_1_21' title='bbox 1516 923 1678 986; x_wconf 89' lang='lat' dir='ltr'>Frederici</span> <span class='ocrx_word' id='word_1_22' title='bbox 1703 922 1732 986; x_wconf 92' lang='lat' dir='ltr'>d.</span> <span class='ocrx_word' id='word_1_23' title='bbox 1749 943 1781 1005; x_wconf 91' lang='lat' dir='ltr'>g.</span> <span class='ocrx_word' id='word_1_24' title='bbox 1799 921 1970 986; x_wconf 88' lang='lat' dir='ltr'>cardinalis</span> 
     </span>
     <span class='ocr_line' id='line_1_4' title="bbox 414 1029 1971 1114; baseline -0.004 -18"><span class='ocrx_word' id='word_1_25' title='bbox 414 1045 446 1096; x_wconf 88' lang='lat' dir='ltr'>et</span> <span class='ocrx_word' id='word_1_26' title='bbox 471 1033 612 1113; x_wconf 89' lang='lat' dir='ltr'>archiepi</span> <span class='ocrx_word' id='word_1_27' title='bbox 641 1053 679 1094; x_wconf 94' lang='lat' dir='ltr'>ac</span> <span class='ocrx_word' id='word_1_28' title='bbox 715 1032 861 1114; x_wconf 86' lang='lat' dir='ltr'>primatis</span> <span class='ocrx_word' id='word_1_29' title='bbox 894 1029 1017 1092; x_wconf 90' lang='lat' dir='ltr'>Gnezn.</span> <span class='ocrx_word' id='word_1_30' title='bbox 1051 1052 1110 1111; x_wconf 93' lang='lat' dir='ltr'>pro</span> <span class='ocrx_word' id='word_1_31' title='bbox 1142 1032 1313 1094; x_wconf 91' lang='lat' dir='ltr'>sinodo</span> <span class='ocrx_word' id='word_1_32' title='bbox 1346 1029 1649 1111; x_wconf 90' lang='lat' dir='ltr'>provinciali</span> <span class='ocrx_word' id='word_1_33' title='bbox 1681 1031 1712 1092; x_wconf 94' lang='lat' dir='ltr'>in</span> <span class='ocrx_word' id='word_1_34' title='bbox 1744 1029 1971 1092; x_wconf 88' lang='lat' dir='ltr'>Lancicia</span> 
     </span>
     <span class='ocr_line' id='line_1_5' title="bbox 412 1137 1972 1220; baseline -0.001 -19"><span class='ocrx_word' id='word_1_35' title='bbox 412 1139 605 1201; x_wconf 88' lang='lat' dir='ltr'>celebranda</span> <span class='ocrx_word' id='word_1_36' title='bbox 629 1158 689 1220; x_wconf 92' lang='lat' dir='ltr'>pro</span> <span class='ocrx_word' id='word_1_37' title='bbox 713 1139 798 1202; x_wconf 83' lang='lat' dir='ltr'>festo</span> <span class='ocrx_word' id='word_1_38' title='bbox 821 1138 851 1200; x_wconf 90' lang='lat' dir='ltr'>b.</span> <span class='ocrx_word' id='word_1_39' title='bbox 876 1137 1084 1218; x_wconf 89' lang='lat' dir='ltr'>Margarethe</span> <span class='ocrx_word' id='word_1_40' title='bbox 1109 1140 1286 1202; x_wconf 90' lang='lat' dir='ltr'>constituta</span> <span class='ocrx_word' id='word_1_41' title='bbox 1311 1140 1429 1218; x_wconf 84' lang='lat' dir='ltr'>exequi</span> <span class='ocrx_word' id='word_1_42' title='bbox 1453 1139 1706 1210; x_wconf 86' lang='lat' dir='ltr'>mandaverunt,</span> <span class='ocrx_word' id='word_1_43' title='bbox 1735 1155 1914 1218; x_wconf 89' lang='lat' dir='ltr'>omnesque</span> <span class='ocrx_word' id='word_1_44' title='bbox 1938 1146 1972 1199; x_wconf 89' lang='lat' dir='ltr'>et</span> 
     </span>
     <span class='ocr_line' id='line_1_6' title="bbox 412 1243 1969 1328; baseline -0.003 -20"><span class='ocrx_word' id='word_1_45' title='bbox 412 1247 558 1328; x_wconf 87' lang='lat' dir='ltr'>singulos</span> <span class='ocrx_word' id='word_1_46' title='bbox 582 1257 738 1309; x_wconf 88' lang='lat' dir='ltr'>tractatus</span> <span class='ocrx_word' id='word_1_47' title='bbox 763 1256 796 1307; x_wconf 88' lang='lat' dir='ltr'>et</span> <span class='ocrx_word' id='word_1_48' title='bbox 821 1243 952 1305; x_wconf 90' lang='lat' dir='ltr'>consilia</span> <span class='ocrx_word' id='word_1_49' title='bbox 977 1245 1017 1306; x_wconf 90' lang='lat' dir='ltr'>ad</span> <span class='ocrx_word' id='word_1_50' title='bbox 1041 1245 1215 1309; x_wconf 89' lang='lat' dir='ltr'>adventum</span> <span class='ocrx_word' id='word_1_51' title='bbox 1241 1245 1316 1307; x_wconf 91' lang='lat' dir='ltr'>Rmi</span> <span class='ocrx_word' id='word_1_52' title='bbox 1340 1245 1394 1306; x_wconf 93' lang='lat' dir='ltr'>dni</span> <span class='ocrx_word' id='word_1_53' title='bbox 1420 1243 1538 1306; x_wconf 89' lang='lat' dir='ltr'>Urielis</span> <span class='ocrx_word' id='word_1_54' title='bbox 1562 1244 1590 1306; x_wconf 93' lang='lat' dir='ltr'>d.</span> <span class='ocrx_word' id='word_1_55' title='bbox 1615 1265 1644 1325; x_wconf 92' lang='lat' dir='ltr'>g.</span> <span class='ocrx_word' id='word_1_56' title='bbox 1661 1244 1724 1324; x_wconf 87' lang='lat' dir='ltr'>Epi</span> <span class='ocrx_word' id='word_1_57' title='bbox 1741 1243 1969 1305; x_wconf 90' lang='lat' dir='ltr'>Poznaniensis</span> 
     </span>
     <span class='ocr_line' id='line_1_7' title="bbox 412 1349 1969 1434; baseline -0.003 -20"><span class='ocrx_word' id='word_1_58' title='bbox 412 1353 491 1415; x_wconf 90' lang='lat' dir='ltr'>alias</span> <span class='ocrx_word' id='word_1_59' title='bbox 516 1354 545 1414; x_wconf 88' lang='lat' dir='ltr'>iu</span> <span class='ocrx_word' id='word_1_60' title='bbox 570 1354 721 1417; x_wconf 81' lang='lat' dir='ltr'>absencia</span> <span class='ocrx_word' id='word_1_61' title='bbox 746 1373 803 1414; x_wconf 91' lang='lat' dir='ltr'>sue</span> <span class='ocrx_word' id='word_1_62' title='bbox 828 1351 910 1412; x_wconf 90' lang='lat' dir='ltr'>Rmc</span> <span class='ocrx_word' id='word_1_63' title='bbox 935 1350 1001 1413; x_wconf 89' lang='lat' dir='ltr'>Ptis</span> <span class='ocrx_word' id='word_1_64' title='bbox 1025 1353 1066 1413; x_wconf 88' lang='lat' dir='ltr'>ad</span> <span class='ocrx_word' id='word_1_65' title='bbox 1090 1353 1267 1434; x_wconf 85' lang='lat' dir='ltr'>capitulum</span> <span class='ocrx_word' id='word_1_66' title='bbox 1292 1353 1443 1433; x_wconf 86' lang='lat' dir='ltr'>generale</span> <span class='ocrx_word' id='word_1_67' title='bbox 1469 1372 1529 1432; x_wconf 91' lang='lat' dir='ltr'>pro</span> <span class='ocrx_word' id='word_1_68' title='bbox 1554 1350 1638 1414; x_wconf 86' lang='lat' dir='ltr'>Iesto</span> <span class='ocrx_word' id='word_1_69' title='bbox 1662 1354 1692 1412; x_wconf 93' lang='lat' dir='ltr'>b.</span> <span class='ocrx_word' id='word_1_70' title='bbox 1716 1349 1801 1414; x_wconf 90' lang='lat' dir='ltr'>Petri</span> <span class='ocrx_word' id='word_1_71' title='bbox 1825 1361 1858 1413; x_wconf 91' lang='lat' dir='ltr'>et</span> <span class='ocrx_word' id='word_1_72' title='bbox 1883 1349 1969 1411; x_wconf 92' lang='lat' dir='ltr'>Pauli</span> 
     </span>
     <span class='ocr_line' id='line_1_8' title="bbox 411 1455 1334 1542; baseline -0.001 -20"><span class='ocrx_word' id='word_1_73' title='bbox 411 1461 636 1541; x_wconf 85' lang='lat' dir='ltr'>apostolorum</span> <span class='ocrx_word' id='word_1_74' title='bbox 661 1461 809 1542; x_wconf 86' lang='lat' dir='ltr'>proxime</span> <span class='ocrx_word' id='word_1_75' title='bbox 832 1455 1061 1521; x_wconf 89' lang='lat' dir='ltr'>celebrandum</span> <span class='ocrx_word' id='word_1_76' title='bbox 1088 1461 1334 1540; x_wconf 89' lang='lat' dir='ltr'>suspenderunt.</span> 
     </span>
    </p>
   </div>
   <div class='ocr_carea' id='block_1_4' title="bbox 626 1653 1343 1736">
    <p class='ocr_par' dir='ltr' id='par_1_4' title="bbox 626 1653 1343 1736">
     <span class='ocr_line' id='line_1_9' title="bbox 626 1653 1343 1736; baseline 0 -20"><span class='ocrx_word' id='word_1_77' title='bbox 626 1653 668 1716; x_wconf 94' lang='lat' dir='ltr'>A.</span> <span class='ocrx_word' id='word_1_78' title='bbox 700 1656 799 1734; x_wconf 79' lang='lat'>1496,</span> <span class='ocrx_word' id='word_1_79' title='bbox 823 1655 881 1717; x_wconf 92' lang='lat' dir='ltr'>Iuli</span> <span class='ocrx_word' id='word_1_80' title='bbox 911 1674 942 1730; x_wconf 90' lang='lat'>1,</span> <span class='ocrx_word' id='word_1_81' title='bbox 968 1655 997 1716; x_wconf 92' lang='lat' dir='ltr'>in</span> <span class='ocrx_word' id='word_1_82' title='bbox 1023 1655 1166 1736; x_wconf 91' lang='lat' dir='ltr'>capitulo</span> <span class='ocrx_word' id='word_1_83' title='bbox 1191 1653 1343 1734; x_wconf 86' lang='lat' dir='ltr'>generali.</span> 
     </span>
    </p>
   </div>
   <div class='ocr_carea' id='block_1_5' title="bbox 411 1792 1967 2627">
    <p class='ocr_par' dir='ltr' id='par_1_5' title="bbox 411 1792 1967 2627">
     <span class='ocr_line' id='line_1_10' title="bbox 519 1792 1967 1878; baseline -0.003 -18"><span class='ocrx_word' id='word_1_84' title='bbox 519 1793 606 1861; x_wconf 82' lang='lat'><strong>858.</strong></span> <span class='ocrx_word' id='word_1_85' title='bbox 631 1796 683 1878; x_wconf 85' lang='lat' dir='ltr'>(V.</span> <span class='ocrx_word' id='word_1_86' title='bbox 715 1801 795 1877; x_wconf 85' lang='lat'><em>112).</em></span> <span class='ocrx_word' id='word_1_87' title='bbox 821 1797 944 1862; x_wconf 87' lang='lat' dir='ltr'>Ibidem</span> <span class='ocrx_word' id='word_1_88' title='bbox 968 1798 1022 1859; x_wconf 94' lang='lat' dir='ltr'>dni</span> <span class='ocrx_word' id='word_1_89' title='bbox 1046 1797 1284 1859; x_wconf 88' lang='lat' dir='ltr'>constituerunt</span> <span class='ocrx_word' id='word_1_90' title='bbox 1309 1804 1536 1875; x_wconf 85' lang='lat' dir='ltr'>procuratores</span> <span class='ocrx_word' id='word_1_91' title='bbox 1561 1795 1663 1856; x_wconf 92' lang='lat' dir='ltr'>ituros</span> <span class='ocrx_word' id='word_1_92' title='bbox 1687 1792 1728 1855; x_wconf 89' lang='lat' dir='ltr'>ad</span> <span class='ocrx_word' id='word_1_93' title='bbox 1754 1793 1967 1856; x_wconf 90' lang='lat' dir='ltr'>sinodum</span> 
     </span>
     <span class='ocr_line' id='line_1_11' title="bbox 411 1900 1966 1984; baseline -0.001 -20"><span class='ocrx_word' id='word_1_94' title='bbox 411 1904 762 1984; x_wconf 87' lang='lat' dir='ltr'>provincialem</span> <span class='ocrx_word' id='word_1_95' title='bbox 788 1906 820 1966; x_wconf 90' lang='lat' dir='ltr'>in</span> <span class='ocrx_word' id='word_1_96' title='bbox 844 1903 1116 1966; x_wconf 91' lang='lat' dir='ltr'>Lanciciam</span> <span class='ocrx_word' id='word_1_97' title='bbox 1147 1923 1253 1965; x_wconf 88' lang='lat' dir='ltr'>vener.</span> <span class='ocrx_word' id='word_1_98' title='bbox 1280 1904 1363 1964; x_wconf 94' lang='lat' dir='ltr'>dnos</span> <span class='ocrx_word' id='word_1_99' title='bbox 1388 1901 1557 1964; x_wconf 88' lang='lat' dir='ltr'>Nicolaum</span> <span class='ocrx_word' id='word_1_100' title='bbox 1582 1900 1739 1963; x_wconf 88' lang='lat' dir='ltr'>Cothvicz</span> <span class='ocrx_word' id='word_1_101' title='bbox 1763 1900 1966 1963; x_wconf 88' lang='lat' dir='ltr'>decretorum</span> 
     </span>
     <span class='ocr_line' id='line_1_12' title="bbox 411 2007 1966 2074; baseline -0.001 -4"><span class='ocrx_word' id='word_1_102' title='bbox 411 2010 579 2073; x_wconf 91' lang='lat' dir='ltr'>doctorem</span> <span class='ocrx_word' id='word_1_103' title='bbox 604 2009 863 2072; x_wconf 88' lang='lat' dir='ltr'>archidiaconum</span> <span class='ocrx_word' id='word_1_104' title='bbox 889 2009 1027 2072; x_wconf 91' lang='lat' dir='ltr'>Poznan.</span> <span class='ocrx_word' id='word_1_105' title='bbox 1053 2022 1086 2074; x_wconf 92' lang='lat' dir='ltr'>et</span> <span class='ocrx_word' id='word_1_106' title='bbox 1110 2009 1290 2072; x_wconf 86' lang='lat' dir='ltr'>Iohannem</span> <span class='ocrx_word' id='word_1_107' title='bbox 1315 2009 1355 2070; x_wconf 90' lang='lat' dir='ltr'>de</span> <span class='ocrx_word' id='word_1_108' title='bbox 1381 2007 1573 2072; x_wconf 85' lang='lat' dir='ltr'>CrothossIn</span> <span class='ocrx_word' id='word_1_109' title='bbox 1598 2007 1804 2070; x_wconf 86' lang='lat' dir='ltr'>scolasticum</span> <span class='ocrx_word' id='word_1_110' title='bbox 1828 2007 1966 2068; x_wconf 90' lang='lat' dir='ltr'>Poznan.</span> 
     </span>
     <span class='ocr_line' id='line_1_13' title="bbox 411 2114 1967 2200; baseline -0.003 -22"><span class='ocrx_word' id='word_1_111' title='bbox 411 2137 471 2198; x_wconf 89' lang='lat' dir='ltr'>pro</span> <span class='ocrx_word' id='word_1_112' title='bbox 489 2119 572 2180; x_wconf 87' lang='lat' dir='ltr'>lesto</span> <span class='ocrx_word' id='word_1_113' title='bbox 590 2119 619 2178; x_wconf 94' lang='lat' dir='ltr'>b.</span> <span class='ocrx_word' id='word_1_114' title='bbox 636 2117 843 2200; x_wconf 87' lang='lat' dir='ltr'>Margarethe</span> <span class='ocrx_word' id='word_1_115' title='bbox 868 2119 898 2178; x_wconf 94' lang='lat' dir='ltr'>in</span> <span class='ocrx_word' id='word_1_116' title='bbox 916 2119 1066 2179; x_wconf 88' lang='lat' dir='ltr'>Lancicia</span> <span class='ocrx_word' id='word_1_117' title='bbox 1084 2119 1233 2197; x_wconf 88' lang='lat' dir='ltr'>proxime</span> <span class='ocrx_word' id='word_1_118' title='bbox 1258 2117 1493 2186; x_wconf 88' lang='lat' dir='ltr'>celebrandam,</span> <span class='ocrx_word' id='word_1_119' title='bbox 1518 2116 1635 2178; x_wconf 88' lang='lat' dir='ltr'>dantes</span> <span class='ocrx_word' id='word_1_120' title='bbox 1651 2115 1730 2196; x_wconf 90' lang='lat' dir='ltr'>ipsis</span> <span class='ocrx_word' id='word_1_121' title='bbox 1746 2114 1967 2176; x_wconf 88' lang='lat' dir='ltr'>omnimodam</span> 
     </span>
     <span class='ocr_line' id='line_1_14' title="bbox 412 2221 1967 2305; baseline -0.003 -19"><span class='ocrx_word' id='word_1_122' title='bbox 412 2235 611 2305; x_wconf 88' lang='lat' dir='ltr'>potestatem</span> <span class='ocrx_word' id='word_1_123' title='bbox 643 2237 676 2287; x_wconf 91' lang='lat' dir='ltr'>et</span> <span class='ocrx_word' id='word_1_124' title='bbox 700 2223 884 2288; x_wconf 82' lang='lat' dir='ltr'>facultatem</span> <span class='ocrx_word' id='word_1_125' title='bbox 917 2225 947 2286; x_wconf 93' lang='lat' dir='ltr'>in</span> <span class='ocrx_word' id='word_1_126' title='bbox 981 2224 1083 2286; x_wconf 85' lang='lat' dir='ltr'>forma</span> <span class='ocrx_word' id='word_1_127' title='bbox 1115 2225 1238 2286; x_wconf 89' lang='lat' dir='ltr'>meliori</span> <span class='ocrx_word' id='word_1_128' title='bbox 1273 2237 1306 2287; x_wconf 91' lang='lat' dir='ltr'>et</span> <span class='ocrx_word' id='word_1_129' title='bbox 1342 2223 1492 2286; x_wconf 85' lang='lat' dir='ltr'>clausulis</span> <span class='ocrx_word' id='word_1_130' title='bbox 1527 2223 1698 2304; x_wconf 90' lang='lat' dir='ltr'>oportunis</span> <span class='ocrx_word' id='word_1_131' title='bbox 1734 2221 1776 2282; x_wconf 91' lang='lat' dir='ltr'>ad</span> <span class='ocrx_word' id='word_1_132' title='bbox 1811 2222 1967 2302; x_wconf 84' lang='lat' dir='ltr'>premissa</span> 
     </span>
     <span class='ocr_line' id='line_1_15' title="bbox 413 2327 1967 2414; baseline -0.003 -21"><span class='ocrx_word' id='word_1_133' title='bbox 413 2333 619 2409; x_wconf 87' lang='lat' dir='ltr'>necessariis;</span> <span class='ocrx_word' id='word_1_134' title='bbox 643 2333 849 2414; x_wconf 86' lang='lat' dir='ltr'>presentibus</span> <span class='ocrx_word' id='word_1_135' title='bbox 866 2331 984 2394; x_wconf 88' lang='lat' dir='ltr'>ibidem</span> <span class='ocrx_word' id='word_1_136' title='bbox 1002 2331 1074 2393; x_wconf 91' lang='lat' dir='ltr'>duis</span> <span class='ocrx_word' id='word_1_137' title='bbox 1097 2331 1193 2394; x_wconf 91' lang='lat' dir='ltr'>Petro</span> <span class='ocrx_word' id='word_1_138' title='bbox 1210 2331 1414 2412; x_wconf 79' lang='lat' dir='ltr'>Szulrowslcy</span> <span class='ocrx_word' id='word_1_139' title='bbox 1432 2333 1463 2393; x_wconf 90' lang='lat' dir='ltr'>in</span> <span class='ocrx_word' id='word_1_140' title='bbox 1479 2331 1640 2412; x_wconf 87' lang='lat' dir='ltr'>Rogosno</span> <span class='ocrx_word' id='word_1_141' title='bbox 1658 2329 1806 2411; x_wconf 85' lang='lat' dir='ltr'>plebano,</span> <span class='ocrx_word' id='word_1_142' title='bbox 1830 2327 1967 2390; x_wconf 86' lang='lat' dir='ltr'>Nicolao</span> 
     </span>
     <span class='ocr_line' id='line_1_16' title="bbox 411 2435 1966 2522; baseline -0.003 -21"><span class='ocrx_word' id='word_1_143' title='bbox 411 2439 451 2501; x_wconf 95' lang='lat' dir='ltr'>dc</span> <span class='ocrx_word' id='word_1_144' title='bbox 476 2437 633 2502; x_wconf 85' lang='lat' dir='ltr'>Garzewo</span> <span class='ocrx_word' id='word_1_145' title='bbox 657 2439 776 2502; x_wconf 91' lang='lat' dir='ltr'>herede</span> <span class='ocrx_word' id='word_1_146' title='bbox 807 2441 968 2522; x_wconf 88' lang='lat' dir='ltr'>armigero</span> <span class='ocrx_word' id='word_1_147' title='bbox 999 2439 1139 2502; x_wconf 88' lang='lat' dir='ltr'>Poznan.</span> <span class='ocrx_word' id='word_1_148' title='bbox 1171 2439 1309 2502; x_wconf 91' lang='lat' dir='ltr'>diocesis</span> <span class='ocrx_word' id='word_1_149' title='bbox 1341 2449 1374 2502; x_wconf 92' lang='lat' dir='ltr'>et</span> <span class='ocrx_word' id='word_1_150' title='bbox 1403 2437 1525 2502; x_wconf 88' lang='lat' dir='ltr'>Mathia</span> <span class='ocrx_word' id='word_1_151' title='bbox 1561 2437 1602 2500; x_wconf 90' lang='lat' dir='ltr'>de</span> <span class='ocrx_word' id='word_1_152' title='bbox 1635 2435 1809 2518; x_wconf 88' lang='lat' dir='ltr'>Myloslaw</span> <span class='ocrx_word' id='word_1_153' title='bbox 1841 2435 1966 2498; x_wconf 88' lang='lat' dir='ltr'>notario</span> 
     </span>
     <span class='ocr_line' id='line_1_17' title="bbox 411 2544 1003 2627; baseline 0.003 -21"><span class='ocrx_word' id='word_1_154' title='bbox 411 2544 551 2626; x_wconf 90' lang='lat' dir='ltr'>publico,</span> <span class='ocrx_word' id='word_1_155' title='bbox 576 2547 713 2608; x_wconf 90' lang='lat' dir='ltr'>testibus</span> <span class='ocrx_word' id='word_1_156' title='bbox 738 2548 820 2608; x_wconf 90' lang='lat' dir='ltr'>circa</span> <span class='ocrx_word' id='word_1_157' title='bbox 839 2547 1003 2627; x_wconf 87' lang='lat' dir='ltr'>premissa.</span> 
     </span>
    </p>
   </div>
   <div class='ocr_carea' id='block_1_6' title="bbox 626 2738 1351 2822">
    <p class='ocr_par' dir='ltr' id='par_1_6' title="bbox 626 2738 1351 2822">
     <span class='ocr_line' id='line_1_18' title="bbox 626 2738 1351 2822; baseline 0.004 -21"><span class='ocrx_word' id='word_1_158' title='bbox 626 2738 667 2800; x_wconf 87' lang='lat' dir='ltr'>A.</span> <span class='ocrx_word' id='word_1_159' title='bbox 699 2741 796 2818; x_wconf 88' lang='lat'>1496,</span> <span class='ocrx_word' id='word_1_160' title='bbox 821 2740 889 2802; x_wconf 89' lang='lat' dir='ltr'>Iulii</span> <span class='ocrx_word' id='word_1_161' title='bbox 914 2758 950 2817; x_wconf 88' lang='lat'>4,</span> <span class='ocrx_word' id='word_1_162' title='bbox 975 2741 1006 2802; x_wconf 92' lang='lat' dir='ltr'>in</span> <span class='ocrx_word' id='word_1_163' title='bbox 1031 2740 1174 2822; x_wconf 87' lang='lat' dir='ltr'>capitulo</span> <span class='ocrx_word' id='word_1_164' title='bbox 1199 2739 1351 2822; x_wconf 86' lang='lat' dir='ltr'>generali.</span> 
     </span>
    </p>
   </div>
   <div class='ocr_carea' id='block_1_7' title="bbox 408 2877 1965 3500">
    <p class='ocr_par' dir='ltr' id='par_1_7' title="bbox 408 2877 1965 3500">
     <span class='ocr_line' id='line_1_19' title="bbox 517 2877 1965 2965; baseline -0.006 -19"><span class='ocrx_word' id='word_1_165' title='bbox 517 2877 605 2946; x_wconf 79' lang='lat'><strong>859.</strong></span> <span class='ocrx_word' id='word_1_166' title='bbox 629 2881 680 2964; x_wconf 85' lang='lat' dir='ltr'>(V.</span> <span class='ocrx_word' id='word_1_167' title='bbox 710 2883 804 2962; x_wconf 82' lang='lat'>112⁰).</span> <span class='ocrx_word' id='word_1_168' title='bbox 831 2881 953 2944; x_wconf 89' lang='lat' dir='ltr'>Ibidem</span> <span class='ocrx_word' id='word_1_169' title='bbox 977 2883 1030 2944; x_wconf 94' lang='lat' dir='ltr'>dni</span> <span class='ocrx_word' id='word_1_170' title='bbox 1055 2883 1180 2946; x_wconf 88' lang='lat' dir='ltr'>litteras</span> <span class='ocrx_word' id='word_1_171' title='bbox 1204 2893 1237 2946; x_wconf 88' lang='lat' dir='ltr'>et</span> <span class='ocrx_word' id='word_1_172' title='bbox 1261 2883 1429 2965; x_wconf 88' lang='lat' dir='ltr'>privilegia</span> <span class='ocrx_word' id='word_1_173' title='bbox 1454 2882 1589 2944; x_wconf 86' lang='lat' dir='ltr'>ecclesie</span> <span class='ocrx_word' id='word_1_174' title='bbox 1613 2881 1752 2945; x_wconf 89' lang='lat' dir='ltr'>Poznan.</span> <span class='ocrx_word' id='word_1_175' title='bbox 1775 2877 1965 2940; x_wconf 90' lang='lat' dir='ltr'>manualiter</span> 
     </span>
     <span class='ocr_line' id='line_1_20' title="bbox 410 2986 1964 3052; baseline -0.003 -3"><span class='ocrx_word' id='word_1_176' title='bbox 410 2987 567 3050; x_wconf 91' lang='lat' dir='ltr'>dederunt</span> <span class='ocrx_word' id='word_1_177' title='bbox 583 3009 691 3052; x_wconf 85' lang='lat' dir='ltr'>vener.</span> <span class='ocrx_word' id='word_1_178' title='bbox 709 2989 780 3051; x_wconf 89' lang='lat' dir='ltr'>dnis</span> <span class='ocrx_word' id='word_1_179' title='bbox 797 2990 933 3052; x_wconf 91' lang='lat' dir='ltr'>Nicolao</span> <span class='ocrx_word' id='word_1_180' title='bbox 958 2991 1183 3052; x_wconf 89' lang='lat' dir='ltr'>archidiacono</span> <span class='ocrx_word' id='word_1_181' title='bbox 1208 2989 1347 3052; x_wconf 89' lang='lat' dir='ltr'>Poznan.</span> <span class='ocrx_word' id='word_1_182' title='bbox 1373 3001 1405 3052; x_wconf 91' lang='lat' dir='ltr'>et</span> <span class='ocrx_word' id='word_1_183' title='bbox 1430 2989 1563 3052; x_wconf 90' lang='lat' dir='ltr'>Iohanni</span> <span class='ocrx_word' id='word_1_184' title='bbox 1588 2989 1761 3052; x_wconf 89' lang='lat' dir='ltr'>scolastico</span> <span class='ocrx_word' id='word_1_185' title='bbox 1786 2987 1826 3048; x_wconf 91' lang='lat' dir='ltr'>ad</span> <span class='ocrx_word' id='word_1_186' title='bbox 1851 2986 1964 3048; x_wconf 87' lang='lat' dir='ltr'>sIno·</span> 
     </span>
     <span class='ocr_line' id='line_1_21' title="bbox 410 3093 1962 3178; baseline -0.003 -22"><span class='ocrx_word' id='word_1_187' title='bbox 410 3095 508 3156; x_wconf 92' lang='lat' dir='ltr'>dum</span> <span class='ocrx_word' id='word_1_188' title='bbox 539 3097 880 3176; x_wconf 89' lang='lat' dir='ltr'>provincialem</span> <span class='ocrx_word' id='word_1_189' title='bbox 915 3099 946 3159; x_wconf 93' lang='lat' dir='ltr'>in</span> <span class='ocrx_word' id='word_1_190' title='bbox 979 3097 1208 3160; x_wconf 87' lang='lat' dir='ltr'>Lancicia</span> <span class='ocrx_word' id='word_1_191' title='bbox 1241 3117 1300 3178; x_wconf 94' lang='lat' dir='ltr'>pro</span> <span class='ocrx_word' id='word_1_192' title='bbox 1334 3096 1418 3158; x_wconf 80' lang='lat' dir='ltr'>sesto</span> <span class='ocrx_word' id='word_1_193' title='bbox 1443 3097 1473 3158; x_wconf 91' lang='lat' dir='ltr'>b.</span> <span class='ocrx_word' id='word_1_194' title='bbox 1498 3095 1704 3178; x_wconf 86' lang='lat' dir='ltr'>Margarethe</span> <span class='ocrx_word' id='word_1_195' title='bbox 1737 3093 1962 3157; x_wconf 89' lang='lat' dir='ltr'>celebrandam</span> 
     </span>
     <span class='ocr_line' id='line_1_22' title="bbox 408 3199 1962 3286; baseline -0.003 -23"><span class='ocrx_word' id='word_1_196' title='bbox 408 3221 469 3284; x_wconf 92' lang='lat' dir='ltr'>pro</span> <span class='ocrx_word' id='word_1_197' title='bbox 492 3202 723 3265; x_wconf 88' lang='lat' dir='ltr'>informacione</span> <span class='ocrx_word' id='word_1_198' title='bbox 747 3204 787 3264; x_wconf 92' lang='lat' dir='ltr'>de</span> <span class='ocrx_word' id='word_1_199' title='bbox 811 3203 964 3266; x_wconf 88' lang='lat' dir='ltr'>thezauro</span> <span class='ocrx_word' id='word_1_200' title='bbox 988 3206 1144 3286; x_wconf 87' lang='lat' dir='ltr'>superiori</span> <span class='ocrx_word' id='word_1_201' title='bbox 1169 3203 1380 3284; x_wconf 88' lang='lat' dir='ltr'>recipiendas.</span> <span class='ocrx_word' id='word_1_202' title='bbox 1410 3201 1606 3285; x_wconf 81' lang='lat' dir='ltr'>Quiquidem</span> <span class='ocrx_word' id='word_1_203' title='bbox 1632 3203 1685 3265; x_wconf 90' lang='lat' dir='ltr'>dni</span> <span class='ocrx_word' id='word_1_204' title='bbox 1711 3203 1743 3264; x_wconf 88' lang='lat' dir='ltr'>iu</span> <span class='ocrx_word' id='word_1_205' title='bbox 1768 3199 1962 3263; x_wconf 89' lang='lat' dir='ltr'>reveniendo</span> 
     </span>
     <span class='ocr_line' id='line_1_23' title="bbox 408 3307 1962 3394; baseline -0.003 -24"><span class='ocrx_word' id='word_1_206' title='bbox 408 3319 441 3370; x_wconf 91' lang='lat' dir='ltr'>et</span> <span class='ocrx_word' id='word_1_207' title='bbox 465 3309 590 3372; x_wconf 91' lang='lat' dir='ltr'>redditu</span> <span class='ocrx_word' id='word_1_208' title='bbox 616 3311 759 3390; x_wconf 91' lang='lat' dir='ltr'>ipsorum</span> <span class='ocrx_word' id='word_1_209' title='bbox 783 3312 948 3373; x_wconf 87' lang='lat' dir='ltr'>viceversa</span> <span class='ocrx_word' id='word_1_210' title='bbox 972 3311 1016 3374; x_wconf 91' lang='lat' dir='ltr'>ita</span> <span class='ocrx_word' id='word_1_211' title='bbox 1041 3313 1166 3394; x_wconf 85' lang='lat' dir='ltr'>integre</span> <span class='ocrx_word' id='word_1_212' title='bbox 1189 3313 1220 3374; x_wconf 94' lang='lat' dir='ltr'>in</span> <span class='ocrx_word' id='word_1_213' title='bbox 1246 3313 1352 3373; x_wconf 90' lang='lat' dir='ltr'>medio</span> <span class='ocrx_word' id='word_1_214' title='bbox 1377 3311 1514 3372; x_wconf 92' lang='lat' dir='ltr'>dnorum</span> <span class='ocrx_word' id='word_1_215' title='bbox 1539 3312 1570 3372; x_wconf 92' lang='lat' dir='ltr'>in</span> <span class='ocrx_word' id='word_1_216' title='bbox 1596 3309 1744 3372; x_wconf 89' lang='lat' dir='ltr'>manibus</span> <span class='ocrx_word' id='word_1_217' title='bbox 1762 3309 1818 3370; x_wconf 92' lang='lat' dir='ltr'>dni</span> <span class='ocrx_word' id='word_1_218' title='bbox 1835 3307 1962 3369; x_wconf 90' lang='lat' dir='ltr'>Martini</span> 
     </span>
     <span class='ocr_line' id='line_1_24' title="bbox 408 3415 1367 3500; baseline 0.002 -22"><span class='ocrx_word' id='word_1_219' title='bbox 408 3415 671 3480; x_wconf 89' lang='lat' dir='ltr'>vicethezaurarii</span> <span class='ocrx_word' id='word_1_220' title='bbox 695 3419 865 3480; x_wconf 88' lang='lat' dir='ltr'>restituere</span> <span class='ocrx_word' id='word_1_221' title='bbox 890 3418 1026 3500; x_wconf 88' lang='lat' dir='ltr'>polliciti</span> <span class='ocrx_word' id='word_1_222' title='bbox 1050 3431 1124 3482; x_wconf 90' lang='lat' dir='ltr'>sunt</span> <span class='ocrx_word' id='word_1_223' title='bbox 1149 3429 1181 3480; x_wconf 93' lang='lat' dir='ltr'>et</span> <span class='ocrx_word' id='word_1_224' title='bbox 1207 3429 1367 3481; x_wconf 89' lang='lat' dir='ltr'>tenentur.</span> 
     </span>
    </p>
   </div>
   <div class='ocr_carea' id='block_1_8' title="bbox 622 3610 1349 3694">
    <p class='ocr_par' dir='ltr' id='par_1_8' title="bbox 622 3610 1349 3694">
     <span class='ocr_line' id='line_1_25' title="bbox 622 3610 1349 3694; baseline 0.006 -22"><span class='ocrx_word' id='word_1_225' title='bbox 622 3610 664 3672; x_wconf 88' lang='lat' dir='ltr'>A.</span> <span class='ocrx_word' id='word_1_226' title='bbox 695 3611 793 3690; x_wconf 90' lang='lat'>1496,</span> <span class='ocrx_word' id='word_1_227' title='bbox 818 3611 887 3673; x_wconf 92' lang='lat' dir='ltr'>Iulii</span> <span class='ocrx_word' id='word_1_228' title='bbox 911 3612 947 3683; x_wconf 93' lang='grc'>6,</span> <span class='ocrx_word' id='word_1_229' title='bbox 974 3613 1004 3672; x_wconf 92' lang='lat' dir='ltr'>in</span> <span class='ocrx_word' id='word_1_230' title='bbox 1030 3612 1172 3693; x_wconf 86' lang='lat' dir='ltr'>capitulo</span> <span class='ocrx_word' id='word_1_231' title='bbox 1197 3613 1349 3694; x_wconf 89' lang='lat' dir='ltr'>generali.</span> 
     </span>
    </p>
   </div>
   <div class='ocr_carea' id='block_1_9' title="bbox 405 3749 1961 4369">
    <p class='ocr_par' dir='ltr' id='par_1_9' title="bbox 405 3749 1961 4369">
     <span class='ocr_line' id='line_1_26' title="bbox 515 3749 1960 3833; baseline -0.005 -16"><span class='ocrx_word' id='word_1_232' title='bbox 515 3749 601 3818; x_wconf 83' lang='grc'>860.</span> <span class='ocrx_word' id='word_1_233' title='bbox 626 3751 676 3833; x_wconf 89' lang='lat' dir='ltr'>(V.</span> <span class='ocrx_word' id='word_1_234' title='bbox 706 3756 784 3832; x_wconf 81' lang='lat'>113).</span> <span class='ocrx_word' id='word_1_235' title='bbox 811 3753 936 3814; x_wconf 89' lang='lat' dir='ltr'>Ibidem</span> <span class='ocrx_word' id='word_1_236' title='bbox 960 3753 1013 3814; x_wconf 89' lang='lat' dir='ltr'>dni</span> <span class='ocrx_word' id='word_1_237' title='bbox 1031 3773 1139 3817; x_wconf 88' lang='lat' dir='ltr'>vener.</span> <span class='ocrx_word' id='word_1_238' title='bbox 1159 3754 1231 3816; x_wconf 90' lang='lat' dir='ltr'>dnis</span> <span class='ocrx_word' id='word_1_239' title='bbox 1249 3755 1385 3817; x_wconf 92' lang='lat' dir='ltr'>Nicolao</span> <span class='ocrx_word' id='word_1_240' title='bbox 1402 3755 1564 3818; x_wconf 90' lang='lat' dir='ltr'>Kothvicz</span> <span class='ocrx_word' id='word_1_241' title='bbox 1580 3752 1806 3816; x_wconf 89' lang='lat' dir='ltr'>archidiacono</span> <span class='ocrx_word' id='word_1_242' title='bbox 1822 3749 1960 3810; x_wconf 88' lang='lat' dir='ltr'>Poznan.</span> 
     </span>
     <span class='ocr_line' id='line_1_27' title="bbox 406 3856 1961 3938; baseline -0.003 -18"><span class='ocrx_word' id='word_1_243' title='bbox 406 3869 439 3920; x_wconf 93' lang='lat' dir='ltr'>et</span> <span class='ocrx_word' id='word_1_244' title='bbox 464 3858 598 3921; x_wconf 91' lang='lat' dir='ltr'>Iohanni</span> <span class='ocrx_word' id='word_1_245' title='bbox 622 3859 663 3920; x_wconf 92' lang='lat' dir='ltr'>de</span> <span class='ocrx_word' id='word_1_246' title='bbox 687 3858 879 3922; x_wconf 88' lang='lat' dir='ltr'>Crothossin</span> <span class='ocrx_word' id='word_1_247' title='bbox 903 3861 1076 3922; x_wconf 91' lang='lat' dir='ltr'>scolastico</span> <span class='ocrx_word' id='word_1_248' title='bbox 1101 3861 1239 3925; x_wconf 91' lang='lat' dir='ltr'>Poznan.</span> <span class='ocrx_word' id='word_1_249' title='bbox 1257 3862 1445 3925; x_wconf 89' lang='lat' dir='ltr'>doctoribus</span> <span class='ocrx_word' id='word_1_250' title='bbox 1470 3863 1510 3924; x_wconf 93' lang='lat' dir='ltr'>ad</span> <span class='ocrx_word' id='word_1_251' title='bbox 1535 3883 1550 3925; x_wconf 91' lang='lat' dir='ltr'>s</span> <span class='ocrx_word' id='word_1_252' title='bbox 1567 3863 1609 3924; x_wconf 91' lang='lat' dir='ltr'>in</span> <span class='ocrx_word' id='word_1_253' title='bbox 1622 3883 1642 3924; x_wconf 95' lang='lat'>0</span> <span class='ocrx_word' id='word_1_254' title='bbox 1657 3860 1677 3922; x_wconf 94' lang='lat' dir='ltr'>d</span> <span class='ocrx_word' id='word_1_255' title='bbox 1692 3881 1710 3922; x_wconf 93' lang='lat' dir='ltr'>u</span> <span class='ocrx_word' id='word_1_256' title='bbox 1724 3879 1756 3921; x_wconf 95' lang='lat' dir='ltr'>m</span> <span class='ocrx_word' id='word_1_257' title='bbox 1780 3877 1862 3938; x_wconf 92' lang='lat' dir='ltr'>pro</span> <span class='ocrx_word' id='word_1_258' title='bbox 1874 3856 1961 3919; x_wconf 90' lang='lat' dir='ltr'>vin-</span> 
     </span>
     <span class='ocr_line' id='line_1_28' title="bbox 406 3965 1960 4051; baseline -0.003 -23"><span class='ocrx_word' id='word_1_259' title='bbox 406 3966 475 4028; x_wconf 92' lang='lat' dir='ltr'>cia</span> <span class='ocrx_word' id='word_1_260' title='bbox 488 3967 496 4026; x_wconf 97' lang='lat' dir='ltr'>l</span> <span class='ocrx_word' id='word_1_261' title='bbox 511 3987 528 4028; x_wconf 91' lang='lat' dir='ltr'>e</span> <span class='ocrx_word' id='word_1_262' title='bbox 542 3987 572 4027; x_wconf 96' lang='lat' dir='ltr'>m</span> <span class='ocrx_word' id='word_1_263' title='bbox 598 3968 628 4028; x_wconf 95' lang='lat' dir='ltr'>in</span> <span class='ocrx_word' id='word_1_264' title='bbox 654 3965 681 4028; x_wconf 93' lang='lat' dir='ltr'>L</span> <span class='ocrx_word' id='word_1_265' title='bbox 695 3987 713 4028; x_wconf 91' lang='lat' dir='ltr'>a</span> <span class='ocrx_word' id='word_1_266' title='bbox 726 3987 745 4028; x_wconf 91' lang='lat' dir='ltr'>n</span> <span class='ocrx_word' id='word_1_267' title='bbox 759 3988 776 4028; x_wconf 94' lang='lat' dir='ltr'>c</span> <span class='ocrx_word' id='word_1_268' title='bbox 790 3969 826 4029; x_wconf 92' lang='lat' dir='ltr'>ic</span> <span class='ocrx_word' id='word_1_269' title='bbox 840 3969 848 4028; x_wconf 97' lang='lat' dir='ltr'>i</span> <span class='ocrx_word' id='word_1_270' title='bbox 861 3989 880 4030; x_wconf 97' lang='lat' dir='ltr'>a</span> <span class='ocrx_word' id='word_1_271' title='bbox 894 3989 925 4029; x_wconf 94' lang='lat' dir='ltr'>m</span> <span class='ocrx_word' id='word_1_272' title='bbox 950 3967 1114 4050; x_wconf 85' lang='lat' dir='ltr'>deputatis</span> <span class='ocrx_word' id='word_1_273' title='bbox 1139 3969 1270 4030; x_wconf 86' lang='lat' dir='ltr'>cuilibet</span> <span class='ocrx_word' id='word_1_274' title='bbox 1295 3971 1438 4049; x_wconf 91' lang='lat' dir='ltr'>ipsorum</span> <span class='ocrx_word' id='word_1_275' title='bbox 1464 3991 1521 4051; x_wconf 93' lang='lat' dir='ltr'>per</span> <span class='ocrx_word' id='word_1_276' title='bbox 1544 3991 1604 4032; x_wconf 90' lang='lat' dir='ltr'>sex</span> <span class='ocrx_word' id='word_1_277' title='bbox 1628 3987 1753 4030; x_wconf 85' lang='lat' dir='ltr'>marcas</span> <span class='ocrx_word' id='word_1_278' title='bbox 1777 3985 1837 4048; x_wconf 93' lang='lat' dir='ltr'>pro</span> <span class='ocrx_word' id='word_1_279' title='bbox 1861 3965 1912 4026; x_wconf 90' lang='lat' dir='ltr'>via</span> <span class='ocrx_word' id='word_1_280' title='bbox 1927 3974 1960 4024; x_wconf 91' lang='lat' dir='ltr'>et</span> 
     </span>
     <span class='ocr_line' id='line_1_29' title="bbox 406 4071 1960 4156; baseline -0.001 -22"><span class='ocrx_word' id='word_1_281' title='bbox 406 4074 560 4154; x_wconf 89' lang='lat' dir='ltr'>expensis</span> <span class='ocrx_word' id='word_1_282' title='bbox 584 4074 660 4136; x_wconf 86' lang='lat' dir='ltr'>dare</span> <span class='ocrx_word' id='word_1_283' title='bbox 686 4075 920 4136; x_wconf 90' lang='lat' dir='ltr'>mandaverunt</span> <span class='ocrx_word' id='word_1_284' title='bbox 944 4095 981 4135; x_wconf 85' lang='lat' dir='ltr'>ac</span> <span class='ocrx_word' id='word_1_285' title='bbox 1007 4076 1096 4154; x_wconf 91' lang='lat' dir='ltr'>ipsos</span> <span class='ocrx_word' id='word_1_286' title='bbox 1127 4077 1211 4137; x_wconf 86' lang='lat' dir='ltr'>circa</span> <span class='ocrx_word' id='word_1_287' title='bbox 1235 4095 1349 4138; x_wconf 91' lang='lat' dir='ltr'>omnes</span> <span class='ocrx_word' id='word_1_288' title='bbox 1382 4077 1579 4140; x_wconf 85' lang='lat' dir='ltr'>refeccioues</span> <span class='ocrx_word' id='word_1_289' title='bbox 1610 4087 1643 4138; x_wconf 88' lang='lat' dir='ltr'>et</span> <span class='ocrx_word' id='word_1_290' title='bbox 1667 4095 1776 4156; x_wconf 87' lang='lat' dir='ltr'>panes,</span> <span class='ocrx_word' id='word_1_291' title='bbox 1813 4071 1960 4152; x_wconf 90' lang='lat' dir='ltr'>exceptis</span> 
     </span>
     <span class='ocr_line' id='line_1_30' title="bbox 405 4179 1961 4264; baseline -0.003 -22"><span class='ocrx_word' id='word_1_292' title='bbox 405 4181 557 4261; x_wconf 85' lang='lat' dir='ltr'>exequiis,</span> <span class='ocrx_word' id='word_1_293' title='bbox 582 4193 870 4258; x_wconf 89' lang='lat' dir='ltr'>conservaverunt;</span> <span class='ocrx_word' id='word_1_294' title='bbox 895 4181 1106 4262; x_wconf 90' lang='lat' dir='ltr'>quasquidem</span> <span class='ocrx_word' id='word_1_295' title='bbox 1131 4203 1191 4244; x_wconf 91' lang='lat' dir='ltr'>sex</span> <span class='ocrx_word' id='word_1_296' title='bbox 1215 4203 1341 4245; x_wconf 89' lang='lat' dir='ltr'>marcas</span> <span class='ocrx_word' id='word_1_297' title='bbox 1365 4184 1499 4264; x_wconf 90' lang='lat' dir='ltr'>quilibet</span> <span class='ocrx_word' id='word_1_298' title='bbox 1524 4203 1636 4244; x_wconf 92' lang='lat' dir='ltr'>eorum</span> <span class='ocrx_word' id='word_1_299' title='bbox 1660 4183 1719 4244; x_wconf 91' lang='lat' dir='ltr'>sibi</span> <span class='ocrx_word' id='word_1_300' title='bbox 1746 4184 1776 4243; x_wconf 84' lang='lat' dir='ltr'>ln</span> <span class='ocrx_word' id='word_1_301' title='bbox 1801 4179 1961 4262; x_wconf 91' lang='lat' dir='ltr'>pensioni·</span> 
     </span>
     <span class='ocr_line' id='line_1_31' title="bbox 405 4287 1449 4369; baseline 0.004 -21"><span class='ocrx_word' id='word_1_302' title='bbox 405 4287 466 4349; x_wconf 90' lang='lat' dir='ltr'>bus</span> <span class='ocrx_word' id='word_1_303' title='bbox 489 4307 527 4348; x_wconf 90' lang='lat' dir='ltr'>ac</span> <span class='ocrx_word' id='word_1_304' title='bbox 551 4290 583 4349; x_wconf 93' lang='lat' dir='ltr'>in</span> <span class='ocrx_word' id='word_1_305' title='bbox 607 4287 758 4350; x_wconf 89' lang='lat' dir='ltr'>censibus</span> <span class='ocrx_word' id='word_1_306' title='bbox 782 4288 927 4350; x_wconf 91' lang='lat' dir='ltr'>villarum</span> <span class='ocrx_word' id='word_1_307' title='bbox 952 4290 1244 4369; x_wconf 86' lang='lat' dir='ltr'>prestimonialium</span> <span class='ocrx_word' id='word_1_308' title='bbox 1269 4289 1449 4352; x_wconf 81' lang='lat' dir='ltr'>defalcabit.</span> 
     </span>
    </p>
   </div>
   <div class='ocr_carea' id='block_1_10' title="bbox 620 4481 1256 4564">
    <p class='ocr_par' dir='ltr' id='par_1_10' title="bbox 620 4481 1256 4564">
     <span class='ocr_line' id='line_1_32' title="bbox 620 4481 1256 4564; baseline 0.005 -22"><span class='ocrx_word' id='word_1_309' title='bbox 620 4481 663 4544; x_wconf 86' lang='lat' dir='ltr'>A.</span> <span class='ocrx_word' id='word_1_310' title='bbox 695 4484 793 4560; x_wconf 80' lang='lat'>1496,</span> <span class='ocrx_word' id='word_1_311' title='bbox 816 4481 961 4563; x_wconf 84' lang='lat' dir='ltr'>Augusti</span> <span class='ocrx_word' id='word_1_312' title='bbox 987 4499 1021 4555; x_wconf 84' lang='lat'>2,</span> <span class='ocrx_word' id='word_1_313' title='bbox 1047 4484 1078 4543; x_wconf 91' lang='lat' dir='ltr'>in</span> <span class='ocrx_word' id='word_1_314' title='bbox 1103 4483 1256 4564; x_wconf 78' lang='lat' dir='ltr'>capitulo</span> 
     </span>
    </p>
   </div>
   <div class='ocr_carea' id='block_1_11' title="bbox 401 4619 1960 5222">
    <p class='ocr_par' dir='ltr' id='par_1_11' title="bbox 401 4619 1960 5222">
     <span class='ocr_line' id='line_1_33' title="bbox 512 4619 1960 4706; baseline -0.003 -20"><span class='ocrx_word' id='word_1_315' title='bbox 512 4619 599 4688; x_wconf 79' lang='lat'><strong>861.</strong></span> <span class='ocrx_word' id='word_1_316' title='bbox 631 4624 682 4706; x_wconf 77' lang='lat' dir='ltr'>(V.</span> <span class='ocrx_word' id='word_1_317' title='bbox 712 4623 824 4702; x_wconf 77' lang='lat' dir='ltr'>115l..</span> <span class='ocrx_word' id='word_1_318' title='bbox 856 4623 975 4686; x_wconf 91' lang='lat' dir='ltr'>Vener.</span> <span class='ocrx_word' id='word_1_319' title='bbox 1000 4636 1111 4706; x_wconf 88' lang='lat' dir='ltr'>patres</span> <span class='ocrx_word' id='word_1_320' title='bbox 1135 4635 1167 4688; x_wconf 90' lang='lat' dir='ltr'>et</span> <span class='ocrx_word' id='word_1_321' title='bbox 1192 4625 1285 4690; x_wconf 90' lang='lat' dir='ltr'>dni..</span> <span class='ocrx_word' id='word_1_322' title='bbox 1318 4625 1431 4706; x_wconf 91' lang='lat' dir='ltr'>prelati</span> <span class='ocrx_word' id='word_1_323' title='bbox 1456 4637 1488 4688; x_wconf 92' lang='lat' dir='ltr'>et</span> <span class='ocrx_word' id='word_1_324' title='bbox 1511 4625 1658 4686; x_wconf 90' lang='lat' dir='ltr'>canonici</span> <span class='ocrx_word' id='word_1_325' title='bbox 1683 4623 1819 4686; x_wconf 87' lang='lat' dir='ltr'>ecclesie</span> <span class='ocrx_word' id='word_1_326' title='bbox 1844 4623 1960 4683; x_wconf 84' lang='lat' dir='ltr'>Pozna-</span> 
     </span>
     <span class='ocr_line' id='line_1_34' title="bbox 404 4730 1958 4814; baseline -0.001 -23"><span class='ocrx_word' id='word_1_327' title='bbox 404 4731 564 4793; x_wconf 71' lang='lat' dir='ltr'>niensis.</span> <span class='ocrx_word' id='word_1_328' title='bbox 601 4731 714 4792; x_wconf 93' lang='lat' dir='ltr'>honor.</span> <span class='ocrx_word' id='word_1_329' title='bbox 750 4732 849 4794; x_wconf 93' lang='lat' dir='ltr'>dnum</span> <span class='ocrx_word' id='word_1_330' title='bbox 885 4732 1038 4794; x_wconf 88' lang='lat' dir='ltr'>Iacobum</span> <span class='ocrx_word' id='word_1_331' title='bbox 1073 4733 1114 4793; x_wconf 88' lang='lat' dir='ltr'>de</span> <span class='ocrx_word' id='word_1_332' title='bbox 1150 4731 1375 4794; x_wconf 88' lang='lat' dir='ltr'>Schamothuli</span> <span class='ocrx_word' id='word_1_333' title='bbox 1407 4733 1558 4794; x_wconf 86' lang='lat' dir='ltr'>vicarium</span> <span class='ocrx_word' id='word_1_334' title='bbox 1596 4742 1790 4814; x_wconf 89' lang='lat' dir='ltr'>perpetuum</span> <span class='ocrx_word' id='word_1_335' title='bbox 1823 4730 1958 4792; x_wconf 87' lang='lat' dir='ltr'>ecclesie</span> 
     </span>
     <span class='ocr_line' id='line_1_35' title="bbox 402 4838 1959 4920; baseline -0.001 -21"><span class='ocrx_word' id='word_1_336' title='bbox 402 4838 497 4899; x_wconf 90' lang='lat' dir='ltr'>Pozn.</span> <span class='ocrx_word' id='word_1_337' title='bbox 522 4840 715 4900; x_wconf 90' lang='lat' dir='ltr'>auctoritate</span> <span class='ocrx_word' id='word_1_338' title='bbox 740 4839 894 4918; x_wconf 92' lang='lat' dir='ltr'>imperiali</span> <span class='ocrx_word' id='word_1_339' title='bbox 919 4840 1083 4920; x_wconf 90' lang='lat' dir='ltr'>publicum</span> <span class='ocrx_word' id='word_1_340' title='bbox 1109 4841 1269 4901; x_wconf 87' lang='lat' dir='ltr'>notarium</span> <span class='ocrx_word' id='word_1_341' title='bbox 1295 4841 1376 4901; x_wconf 92' lang='lat' dir='ltr'>dioc.</span> <span class='ocrx_word' id='word_1_342' title='bbox 1404 4840 1542 4902; x_wconf 89' lang='lat' dir='ltr'>Poznan.</span> <span class='ocrx_word' id='word_1_343' title='bbox 1566 4839 1758 4902; x_wconf 89' lang='lat' dir='ltr'>unanimiter</span> <span class='ocrx_word' id='word_1_344' title='bbox 1781 4849 1815 4900; x_wconf 92' lang='lat' dir='ltr'>et</span> <span class='ocrx_word' id='word_1_345' title='bbox 1831 4857 1959 4899; x_wconf 91' lang='lat' dir='ltr'>concor·</span> 
     </span>
     <span class='ocr_line' id='line_1_36' title="bbox 403 4945 1957 5028; baseline 0 -22"><span class='ocrx_word' id='word_1_346' title='bbox 403 4945 485 5006; x_wconf 90' lang='lat' dir='ltr'>diter</span> <span class='ocrx_word' id='word_1_347' title='bbox 508 4946 539 5006; x_wconf 91' lang='lat' dir='ltr'>in</span> <span class='ocrx_word' id='word_1_348' title='bbox 566 4946 725 5007; x_wconf 90' lang='lat' dir='ltr'>notarium</span> <span class='ocrx_word' id='word_1_349' title='bbox 750 4955 783 5008; x_wconf 90' lang='lat' dir='ltr'>et</span> <span class='ocrx_word' id='word_1_350' title='bbox 807 4947 944 5008; x_wconf 90' lang='lat' dir='ltr'>scribam</span> <span class='ocrx_word' id='word_1_351' title='bbox 970 4957 1162 5027; x_wconf 91' lang='lat' dir='ltr'>receperunt</span> <span class='ocrx_word' id='word_1_352' title='bbox 1188 4947 1313 5028; x_wconf 89' lang='lat' dir='ltr'>sibique</span> <span class='ocrx_word' id='word_1_353' title='bbox 1330 4948 1486 5028; x_wconf 79' lang='lat' dir='ltr'>sigillum,</span> <span class='ocrx_word' id='word_1_354' title='bbox 1510 4951 1677 5010; x_wconf 91' lang='lat' dir='ltr'>metricam</span> <span class='ocrx_word' id='word_1_355' title='bbox 1695 4958 1728 5010; x_wconf 91' lang='lat' dir='ltr'>et</span> <span class='ocrx_word' id='word_1_356' title='bbox 1744 4947 1825 5009; x_wconf 89' lang='lat' dir='ltr'>alios</span> <span class='ocrx_word' id='word_1_357' title='bbox 1841 4965 1957 5006; x_wconf 87' lang='lat' dir='ltr'>novem</span> 
     </span>
     <span class='ocr_line' id='line_1_37' title="bbox 402 5049 1957 5118; baseline 0.003 -8"><span class='ocrx_word' id='word_1_358' title='bbox 402 5049 502 5112; x_wconf 92' lang='lat' dir='ltr'>libros</span> <span class='ocrx_word' id='word_1_359' title='bbox 526 5071 598 5112; x_wconf 91' lang='lat' dir='ltr'>cum</span> <span class='ocrx_word' id='word_1_360' title='bbox 623 5053 803 5114; x_wconf 89' lang='lat' dir='ltr'>inventario</span> <span class='ocrx_word' id='word_1_361' title='bbox 835 5065 866 5116; x_wconf 91' lang='lat' dir='ltr'>et</span> <span class='ocrx_word' id='word_1_362' title='bbox 899 5057 1027 5116; x_wconf 87' lang='lat' dir='ltr'>statutis</span> <span class='ocrx_word' id='word_1_363' title='bbox 1061 5053 1196 5116; x_wconf 87' lang='lat' dir='ltr'>fideliter</span> <span class='ocrx_word' id='word_1_364' title='bbox 1231 5056 1389 5117; x_wconf 88' lang='lat' dir='ltr'>servanda</span> <span class='ocrx_word' id='word_1_365' title='bbox 1421 5054 1622 5117; x_wconf 89' lang='lat' dir='ltr'>tradiderunt</span> <span class='ocrx_word' id='word_1_366' title='bbox 1654 5064 1687 5118; x_wconf 90' lang='lat' dir='ltr'>et</span> <span class='ocrx_word' id='word_1_367' title='bbox 1722 5055 1753 5116; x_wconf 92' lang='lat' dir='ltr'>in</span> <span class='ocrx_word' id='word_1_368' title='bbox 1790 5055 1957 5118; x_wconf 87' lang='lat' dir='ltr'>custodem</span> 
     </span>
     <span class='ocr_line' id='line_1_38' title="bbox 401 5157 812 5222; baseline 0.007 -4"><span class='ocrx_word' id='word_1_369' title='bbox 401 5177 427 5219; x_wconf 92' lang='lat' dir='ltr'>s.</span> <span class='ocrx_word' id='word_1_370' title='bbox 452 5157 553 5219; x_wconf 89' lang='lat' dir='ltr'>Marie</span> <span class='ocrx_word' id='word_1_371' title='bbox 578 5171 812 5222; x_wconf 89' lang='lat' dir='ltr'>creaverunt..</span> 
     </span>
    </p>
   </div>
   <div class='ocr_carea' id='block_1_12' title="bbox 615 5353 1249 5438">
    <p class='ocr_par' dir='ltr' id='par_1_12' title="bbox 615 5353 1249 5438">
     <span class='ocr_line' id='line_1_39' title="bbox 615 5353 1249 5438; baseline 0.005 -23"><span class='ocrx_word' id='word_1_372' title='bbox 615 5353 657 5415; x_wconf 90' lang='lat' dir='ltr'>A.</span> <span class='ocrx_word' id='word_1_373' title='bbox 688 5356 785 5434; x_wconf 84' lang='lat'>1496,</span> <span class='ocrx_word' id='word_1_374' title='bbox 810 5353 955 5438; x_wconf 85' lang='lat' dir='ltr'>Augusti</span> <span class='ocrx_word' id='word_1_375' title='bbox 981 5369 1015 5436; x_wconf 84' lang='lat'>5,</span> <span class='ocrx_word' id='word_1_376' title='bbox 1041 5357 1072 5419; x_wconf 93' lang='lat' dir='ltr'>in</span> <span class='ocrx_word' id='word_1_377' title='bbox 1096 5357 1249 5438; x_wconf 82' lang='lat' dir='ltr'>capitulo</span> 
     </span>
    </p>
   </div>
   <div class='ocr_carea' id='block_1_13' title="bbox 400 5491 1957 5671">
    <p class='ocr_par' dir='ltr' id='par_1_13' title="bbox 400 5491 1957 5671">
     <span class='ocr_line' id='line_1_40' title="bbox 509 5491 1956 5576; baseline 0 -18"><span class='ocrx_word' id='word_1_378' title='bbox 509 5491 596 5558; x_wconf 87' lang='grc'>862.</span> <span class='ocrx_word' id='word_1_379' title='bbox 633 5497 687 5573; x_wconf 93' lang='lat' dir='ltr'>(V.</span> <span class='ocrx_word' id='word_1_380' title='bbox 719 5499 800 5576; x_wconf 90' lang='lat'><em>116).</em></span> <span class='ocrx_word' id='word_1_381' title='bbox 835 5497 960 5560; x_wconf 91' lang='lat' dir='ltr'>Ibidem</span> <span class='ocrx_word' id='word_1_382' title='bbox 992 5519 1099 5560; x_wconf 90' lang='lat' dir='ltr'>vener.</span> <span class='ocrx_word' id='word_1_383' title='bbox 1131 5497 1214 5561; x_wconf 88' lang='lat' dir='ltr'>dnus</span> <span class='ocrx_word' id='word_1_384' title='bbox 1250 5498 1404 5562; x_wconf 90' lang='lat' dir='ltr'>Nicolaus</span> <span class='ocrx_word' id='word_1_385' title='bbox 1428 5499 1589 5562; x_wconf 90' lang='lat' dir='ltr'>Kothvicz</span> <span class='ocrx_word' id='word_1_386' title='bbox 1612 5499 1817 5562; x_wconf 91' lang='lat' dir='ltr'>decretorum</span> <span class='ocrx_word' id='word_1_387' title='bbox 1841 5499 1956 5560; x_wconf 92' lang='lat' dir='ltr'>doctor</span> 
     </span>
     <span class='ocr_line' id='line_1_41' title="bbox 400 5599 1957 5671; baseline 0.006 -10"><span class='ocrx_word' id='word_1_388' title='bbox 400 5599 645 5666; x_wconf 86' lang='lat' dir='ltr'>archidiaconus</span> <span class='ocrx_word' id='word_1_389' title='bbox 670 5603 808 5666; x_wconf 89' lang='lat' dir='ltr'>Poznan.</span> <span class='ocrx_word' id='word_1_390' title='bbox 834 5623 894 5666; x_wconf 90' lang='lat' dir='ltr'>suo</span> <span class='ocrx_word' id='word_1_391' title='bbox 919 5615 951 5666; x_wconf 90' lang='lat' dir='ltr'>et</span> <span class='ocrx_word' id='word_1_392' title='bbox 976 5624 1085 5667; x_wconf 89' lang='lat' dir='ltr'>vener.</span> <span class='ocrx_word' id='word_1_393' title='bbox 1110 5603 1164 5668; x_wconf 94' lang='lat' dir='ltr'>dni</span> <span class='ocrx_word' id='word_1_394' title='bbox 1189 5605 1342 5668; x_wconf 87' lang='lat' dir='ltr'>Iohannis</span> <span class='ocrx_word' id='word_1_395' title='bbox 1366 5605 1542 5670; x_wconf 89' lang='lat' dir='ltr'>Crothoski</span> <span class='ocrx_word' id='word_1_396' title='bbox 1566 5607 1729 5671; x_wconf 89' lang='lat' dir='ltr'>scolastici</span> <span class='ocrx_word' id='word_1_397' title='bbox 1753 5606 1890 5668; x_wconf 86' lang='lat' dir='ltr'>Poznan.</span> <span class='ocrx_word' id='word_1_398' title='bbox 1907 5609 1957 5670; x_wconf 89' lang='lat' dir='ltr'>sui</span> 
     </span>
    </p>
   </div>
   <div class='ocr_carea' id='block_1_14' title="bbox 0 0 2212 6362">
    <p class='ocr_par' dir='ltr' id='par_1_14' title="bbox 0 0 2212 6362">
     <span class='ocr_line' id='line_1_42' title="bbox 0 0 2212 6362; baseline 0 0"><span class='ocrx_word' id='word_1_399' title='bbox 0 0 2212 6362; x_wconf 95' lang='lat' dir='ltr'> </span> 
     </span>
    </p>
   </div>
  </div>
 </body>
</html>
