4416 6366
825 611 1005 666 Auuonuu
1027 611 1211 670 raas-1484.
1732 630 1791 698 137

509 709 514 714 .
532 709 538 714 .
552 709 647 715 .-..-
656 707 769 715 ..—-.-...-

237 827 279 889 de
303 828 488 910 Rogalyno,
513 829 666 892 Nicolaus
691 828 733 890 de
758 827 897 902 Costcn,
921 827 1082 890 lohannes
1107 825 1147 888 de
1171 826 1325 908 Popow0,
1349 825 1546 890 Wladislaus
1562 827 1603 890 de
1620 829 1789 903 Poznania,

238 933 511 1018 Gylowycczsky‚
543 935 741 1018 Grylewsky
765 947 798 998 et
822 935 1038 1017 Carczewshy
1053 934 1176 1016 „prelati
1202 945 1234 997 et
1257 935 1403 996 canonici
1428 934 1563 1000 ecclesie
1587 935 1725 998 Poznan.
1749 935 1790 998 ad

238 1063 353 1106 sonum
378 1064 536 1126 campane
561 1045 789 1126 congregati..
822 1045 852 1105 in
877 1043 1054 1105 cantoriam
1084 1061 1141 1122 per
1164 1039 1298 1103 liberam
1323 1042 1579 1122 resignacionem
1604 1042 1667 1104 Rdi
1692 1045 1792 1123 patris

237 1150 291 1212 dni
316 1151 491 1215 Crzeczslai
522 1151 564 1214 de
595 1151 819 1232 Curoswanky
852 1150 965 1212 decani
998 1147 1198 1211 Gneznensis
1233 1161 1443 1212 vacantem..
1478 1149 1577 1211 dnum
1613 1150 1791 1212 Iohannem

238 1257 353 1339 Lasky
365 1308 392 1322 ..
416 1269 617 1341 receperunt.

444 1452 486 1514 A.
516 1456 614 1532 1484,
639 1451 708 1514 Iulii
733 1465 768 1532 5,
793 1453 824 1513 in
849 1449 991 1531 capitulo
1015 1451 1166 1532 generali.

346 1590 432 1658 726.
466 1593 530 1676 (lv.
555 1593 630 1674 85⁰).
667 1594 731 1655 Dni
754 1593 994 1674 deputaverunt
1022 1593 1106 1656 dnos
1130 1595 1333 1674 prepositum
1358 1601 1391 1654 et
1416 1591 1606 1673 Lulcowsky
1631 1579 1671 1654 ad
1696 1614 1792 1654 con-

237 1702 522 1762 vencionem
547 1699 574 1764 C
586 1701 800 1764 olensem
823 1703 855 1762 in
879 1699 965 1762 facto
990 1702 1124 1762 cervisie
1148 1700 1394 1781 llidgostiensis.

450 1894 493 1956 A.
522 1897 618 1974 1484,
642 1893 785 1976 Augusti
808 1895 844 1956 6.
868 1895 900 1956 in
925 1894 1075 1976 capitulo.

346 2032 431 2100 727.
456 2036 523 2116 (lV.
541 2037 595 2120 86)
609 2086 635 2098 ..
659 2037 779 2098 Vener.
796 2037 851 2098 dni
867 2035 1026 2110 officialis,
1049 2035 1302 2118 Strzallrowslcy,
1326 2036 1450 2108 doctor,
1475 2035 1609 2108 Hector,
1625 2035 1791 2108 Decanek,

237 2143 425 2224 Kyelbassa
448 2153 482 2205 et
506 2141 722 2225 Carczewsky
752 2146 835 2206 inter
860 2143 960 2206 dnum
992 2143 1258 2206 liartholomeum
1289 2143 1464 2226 plebanum
1499 2145 1530 2205 in
1564 2143 1725 2206 Lussowo
1758 2153 1791 2204 et

236 2249 335 2311 dnum
359 2248 584 2331 Schadowsky
608 2251 768 2312 amicabili
784 2251 867 2314 facta
884 2252 1127 2332 composicione
1145 2250 1204 2313 sub
1222 2271 1306 2331 pena
1323 2249 1352 2310 L
1369 2270 1550 2313 marcarum
1567 2249 1793 2338 decreverunt,

236 2367 271 2418 ut
294 2356 376 2419 dnus
399 2357 558 2438 plebanus
582 2379 642 2440 pro
666 2359 729 2422 isto
760 2378 846 2421 anno
870 2358 1030 2420 duntaxat
1061 2368 1197 2439 propter
1228 2357 1346 2420 belli
1381 2359 1593 2420 timorem
1626 2358 1712 2421 locet
1740 2357 1791 2418 de-

237 2465 351 2525 cimam
376 2485 467 2526 suam
490 2466 577 2548 apud
601 2465 829 2541 kmethoncm,
854 2487 952 2547 quem
976 2465 1121 2541 voluerit,
1145 2468 1176 2527 in
1202 2463 1293 2546 Sady
1316 2475 1350 2528 et
1374 2464 1415 2526 de
1438 2465 1791 2528 benedictione

237 2591 289 2651 pa
303 2592 322 2632 n
336 2572 373 2634 is
396 2573 405 2634 i
419 2593 438 2633 n
462 2572 546 2636 Pas
560 2593 577 2634 c
590 2573 610 2635 h
624 2594 642 2635 a
666 2573 870 2637 consuetudo
886 2573 1048 2654 parochie,
1075 2593 1172 2654 quam
1196 2572 1279 2635 dnus
1291 2571 1476 2654 Sadowsky
1488 2572 1625 2654 allegat,
1637 2582 1792 2644 servetur,

345 2709 429 2778 728.
455 2714 558 2796 (lbid.)
582 2715 663 2778 Item
687 2717 769 2779 dnus
792 2716 934 2778 decanus
958 2716 1065 2780 mittet
1089 2715 1231 2778 factores
1254 2736 1332 2779 suos
1356 2715 1435 2778 seria
1451 2715 1523 2778 Ilda
1539 2735 1632 2796 prox.
1649 2713 1689 2776 ad
1707 2713 1791 2776 deci-

236 2821 388 2882 mandum
413 2822 444 2882 in
468 2819 557 2903 Sady
582 2833 616 2886 et
631 2823 828 2886 kmethones
845 2824 940 2898 certi,
964 2825 1018 2904 qui
1035 2823 1098 2884 iam
1115 2821 1343 2886 conduxerunt
1360 2822 1466 2904 aliqua
1482 2823 1658 2898 frumenta,
1682 2840 1723 2883 ne
1740 2821 1792 2883 de·

235 2939 455 3008 pascerentur,
479 2929 637 3002 iurabunt,
669 2941 825 3012 quantum
850 2941 1052 3011 receperunt,
1077 2939 1110 2992 et
1133 2950 1152 2992 a
1176 2941 1269 2994 tanto
1297 2931 1513 2994 decimabunt.
1538 2929 1636 3011 Quod
1660 2931 1685 2992 si
1708 2929 1792 2990 dnus

168 3053 172 3062 ·
235 3035 377 3097 decanus
401 3055 460 3118 pro
485 3036 610 3117 prelata
634 3036 686 3099 die
702 3037 743 3100 ad
760 3037 986 3099 decimandum
1005 3057 1069 3098 non
1086 3039 1237 3110 mitteret,
1263 3038 1486 3114 decreverunt,
1510 3049 1546 3101 ut
1562 3037 1645 3100 dnus
1660 3035 1791 3100 Sadow-

234 3143 298 3223 sky
321 3143 464 3225 acceptis
488 3144 614 3207 duobus
638 3144 798 3208 nobilibus
822 3145 935 3208 vicinis
959 3154 991 3208 et
1015 3144 1142 3207 duobus
1166 3145 1305 3210 scabinis
1328 3146 1469 3210 decimet
1493 3144 1628 3208 fideliter
1651 3155 1712 3208 etc.

449 3336 492 3400 A.
522 3339 620 3418 1484,
645 3337 841 3400 Novembris
870 3353 923 3410 12,
949 3339 980 3399 in
1004 3339 1147 3420 capitulo
1172 3339 1325 3422 generali.

345 3475 429 3544 729.
453 3479 518 3560 AV.
543 3479 618 3560 87⁰).
643 3479 912 3560 Capitulum
936 3481 1164 3562 generale
1188 3501 1249 3561 pro
1274 3481 1359 3544 sesto
1382 3482 1413 3543 b.
1437 3480 1567 3543 Martini
1588 3480 1788 3543 celebratum

234 3607 320 3648 anno
344 3585 399 3647 dni
422 3585 757 3660 MCCCCLXXXIV,
782 3587 960 3649 indiccione
985 3587 1021 3662 ll,
1046 3587 1253 3669 pontificatus
1284 3586 1391 3650 Smi..
1416 3588 1470 3649 dni
1487 3590 1588 3650 nostri
1609 3587 1789 3650 innocentii

235 3714 322 3774 pape
342 3693 421 3756 VIII
444 3713 530 3756 anno
553 3695 666 3774 primo,
699 3693 751 3757 die
774 3715 852 3756 vero
876 3694 1017 3756 Veneris
1044 3694 1105 3756 XII
1129 3715 1170 3757 m.
1195 3695 1392 3758 Novembris
1415 3716 1524 3758 vener.
1547 3694 1602 3756 dni
1626 3694 1788 3758 Iohannes

235 3800 276 3862 de
301 3799 429 3864 Leszno
452 3803 653 3884 prepositus
681 3801 791 3864 Adam
822 3800 863 3863 de
897 3800 1095 3864 Dambrowa
1126 3802 1284 3876 decanus,
1316 3802 1469 3864 Nicolaus
1493 3801 1534 3864 de
1558 3799 1678 3864 Scudla
1702 3800 1789 3864 Srze·

234 3909 367 3980 mensis,
397 3907 594 3971 Vincencius
618 3908 659 3972 de
686 3907 887 3980 Strzalkowo
912 3907 1103 3970 Pczevensis
1127 3909 1359 3982 archidiaconi,
1392 3909 1552 3972 Iohannes
1576 3907 1616 3970 de
1641 3907 1790 3970 Lukowo

233 4014 457 4090 cancellarius,
482 4015 633 4078 Andreas
657 4015 698 4078 de
714 4015 887 4097 Rogalino,
911 4014 1065 4078 Nicolaus
1082 4016 1122 4078 de
1139 4015 1263 4080 Costen
1281 4018 1486 4080 decretorum
1503 4015 1627 4090 doctor,
1652 4015 1789 4078 lacobus

234 4121 275 4183 de
300 4121 543 4194 Dominicowo,
568 4122 729 4184 Iohannes
753 4123 794 4184 de
818 4121 973 4204 Popowo,
998 4123 1122 4186 Hector
1139 4124 1179 4186 110
1203 4123 1425 4205 Cozyemyno,
1450 4122 1604 4185 Nicolaus
1620 4122 1661 4184 de
1678 4121 1789 4196 Czacz,

235 4228 429 4292 Wladislaus
455 4230 496 4292 de
520 4229 681 4292 Poznania
705 4230 910 4292 decretorum
934 4230 1058 4302 doctor,
1083 4231 1242 4294 Martinus
1266 4231 1306 4294 de
1331 4231 1566 4313 Nyechanowo
1583 4229 1789 4292 decretorum

234 4335 358 4408 doctor,
383 4336 540 4400 Albertus
564 4337 605 4399 de
621 4335 703 4418 Gay,
727 4335 840 4398 Petrus
858 4335 898 4398 de
914 4337 1100 4418 Rambyno,
1124 4338 1321 4401 Vincencius
1338 4337 1378 4400 de
1396 4335 1577 4410 Carczew0,
1602 4335 1789 4417 Stephanus

233 4441 275 4504 de
298 4441 417 4506 Scudla
441 4455 474 4508 et
497 4445 649 4507 Andreas
673 4445 714 4506 de
739 4442 943 4506 Goluchowo
969 4443 1084 4524 prelati
1108 4455 1141 4508 et
1165 4445 1309 4508 canonici
1334 4445 1469 4508 ecclesie
1492 4443 1588 4507 Pozn.
1612 4443 1653 4506 ad
1670 4463 1786 4506 sonum

234 4569 392 4632 campane
415 4551 635 4632 capitulariter
658 4551 859 4632 congregati.

344 4688 429 4757 730.
453 4693 522 4775 (IV.
547 4695 610 4772 88).
634 4693 759 4755 Ibidem
783 4693 838 4754 dni
862 4713 969 4755 vener.
993 4694 1058 4754 dno
1076 4693 1197 4756 Iacobo
1214 4693 1254 4756 de
1272 4693 1501 4755 Dominikowo
1517 4693 1675 4755 canonico
1692 4693 1788 4756 Pozn.

234 4809 267 4862 et
292 4799 380 4862 fratri
403 4811 638 4863 consenserunt
661 4801 861 4874 unanimiter,
886 4809 921 4862 ut
945 4800 1070 4862 decima
1093 4799 1300 4882 manipularis
1325 4810 1358 4862 et
1382 4799 1506 4862 decima
1539 4800 1592 4861 lini
1616 4821 1675 4881 per
1700 4800 1787 4861 kme-

233 4906 352 4970 thones
375 4907 416 4968 de
439 4907 514 4970 villa
537 4905 781 4980 Gotharthaw0,
817 4908 849 4968 in
881 4927 945 4988 qua
968 4908 1055 4989 prius
1080 4907 1237 4970 maldrate
1272 4907 1490 4982 solvebantur,
1525 4909 1588 4968 iam
1612 4907 1653 4968 de
1677 4917 1788 4969 cetero

233 5013 359 5076 decima
382 4993 590 5095 manipularis
626 5023 659 5076 ct
683 5013 808 5076 decima
839 5013 893 5076 lini
925 5014 1052 5094 prefato
1083 5013 1148 5076 dno
1174 5014 1296 5076 Iacobo
1326 5013 1596 5093 Dominieowsky
1627 5015 1785 5075 canonico

233 5131 266 5184 et
288 5121 357 5183 aliis
380 5121 543 5184 canonicis
567 5121 712 5184 eiusdem
735 5119 901 5202 prebende
926 5141 986 5202 pro
1012 5133 1161 5202 tempore
1194 5131 1226 5184 et
1251 5123 1282 5182 in
1307 5121 1449 5183 futurum
1482 5119 1697 5184 existentibus
1729 5141 1788 5200 per

233 5227 367 5290 eosdem
392 5227 586 5290 kmethones
610 5227 650 5289 de
675 5225 891 5290 Gothartowo
919 5227 1093 5301 solvantur,
1125 5248 1185 5308 pro
1217 5227 1410 5309 quaquidem
1443 5227 1567 5290 decima
1598 5225 1788 5307 manipulari

232 5343 267 5397 01
290 5331 344 5395 11111
367 5345 481 5397 contra
504 5333 639 5397 eosdem
662 5333 858 5397 kmethones
883 5355 1057 5416 processus
1081 5345 1262 5415 oportunos
1287 5334 1364 5396 dare
1382 5335 1616 5396 mandaverunt
1633 5343 1665 5396 et
1682 5333 1788 5394 decre

232 5451 356 5504 verunt.
380 5440 423 5505 Et
447 5461 488 5504 ne
511 5429 686 5524 gravamen
709 5440 958 5516 kmethonibus,
984 5453 1019 5506 ut
1042 5441 1120 5505 alias
1144 5441 1211 5505 fieri
1227 5443 1328 5516 solet,
1353 5443 1384 5504 in
1401 5442 1636 5524 prorogacione
1653 5440 1789 5501 decima·
1844 5465 1847 5470 ·

231 5549 362 5610 cionum
387 5550 514 5612 evenire
539 5550 708 5629 contingat
731 5557 765 5610 et
789 5548 908 5610 exinde
932 5549 1074 5630 dampna
1105 5552 1195 5631 sequi
1220 5560 1372 5630 possent,
1401 5549 1638 5630 infrascriptam
1663 5546 1786 5609 ordina·

231 5655 360 5718 cionem
384 5665 504 5737 sponte
526 5656 654 5736 accepit
678 5675 779 5737 seque
814 5667 847 5719 et
882 5677 959 5720 suos
992 5660 1022 5718 in
1054 5658 1174 5720 dictam
1211 5657 1411 5740 prebendam
1445 5675 1650 5719 successores
1685 5653 1785 5715 libere

339 5768 435 5810 bionum.
451 5768 515 5810 medii
528 5769 576 5810 aevi
593 5767 642 5810 hist.
659 5767 721 5809 XIII.
1584 5759 1616 5814 18
