4458 6356
426 553 470 621 66
905 554 997 607 ACTA
1017 554 1178 608 CAPITULl
1199 554 1453 608 POZNANlENSlS

428 649 532 656 r--——-—
887 649 1126 656 -·..—-—--......-.—
1152 649 1241 654 -Η
1359 651 1477 656 .--.-,.
1511 651 1677 656 -----.--.-.--
1710 651 1734 656 -.,-
1783 651 1863 657 -.-.-.-..
1881 651 1887 656 .

535 764 619 833 335.
646 767 756 850 (Ibin).
781 769 862 832 Item
886 768 1004 830 ibidem
1029 768 1084 830 dni
1108 770 1319 832 decreverunt
1354 769 1421 830 dari
1445 789 1541 831 unam
1577 789 1717 831 marcam
1750 769 1848 832 nobili
1873 771 1982 853 Wyrz·

425 875 570 957 byanthe
595 877 723 938 racione
748 877 963 948 serviciorum‚
989 897 1051 956 que
1075 876 1149 940 fecit
1185 877 1332 958 personis
1367 877 1499 957 capituli
1534 878 1564 938 in
1602 879 1825 958 negociis
1860 899 1982 942 secu-

424 983 628 1059 laribus,
651 1003 747 1066 quam
772 983 855 1046 dnus
879 983 1031 1047 Clemens
1056 985 1187 1046 daturus
1212 995 1261 1046 est
1285 984 1345 1048 sibi
1370 984 1410 1045 ad
1436 985 1596 1046 racionem
1621 985 1796 1064 pensionis.

639 1177 682 1239 A.
713 1193 804 1258 1447,
829 1177 951 1260 Aprilis
978 1193 1004 1257 5,
1030 1179 1059 1240 in
1086 1179 1239 1260 capitulo.

531 1316 617 1385 336.
642 1320 691 1400 (11.
718 1320 782 1400 82).
822 1371 848 1383 ..
870 1319 905 1382 In
932 1322 1099 1401 presencia
1134 1322 1209 1383 Rmi
1244 1323 1346 1402 patris
1369 1321 1424 1383 dni
1447 1321 1582 1384 Andree
1605 1321 1684 1400 Epi,
1721 1341 1847 1384 necnon
1872 1343 1979 1384 vener.

423 1427 560 1490 duorum
586 1429 752 1508 prepositi,
777 1427 1000 1500 archidiaconi,
1037 1431 1186 1498 cantoris,
1211 1428 1363 1500 custodis,
1398 1427 1657 1508 Praszmowsky‚
1688 1427 1840 1506 officialis,
1865 1429 1976 1492 decani

423 1533 709 1606 Wladislaviensis
735 1534 896 1610 Hectoris,
922 1535 1118 1608 Clementis,¹
1133 1536 1240 1598 lacobi
1265 1536 1306 1598 de
1330 1535 1460 1608 Grandi,
1489 1535 1639 1612 llliroslai,
1672 1533 1824 1599 lobannis
1849 1536 1977 1617 Vyslro-

421 1641 486 1716 the,
518 1641 670 1704 Iohannis
705 1643 745 1704 de
781 1642 935 1722 Popowo,
970 1643 1117 1714 Sbiluthi‚
1153 1643 1334 1724 Skothslry,
1370 1643 1518 1725 Chibslry
1542 1653 1574 1706 et
1598 1643 1804 1726 Rogalinsky
1829 1681 1870 1690 -
1896 1645 1979 1707 dnus

421 1745 582 1811 lohannes
606 1749 747 1811 decanus
773 1749 1049 1813 Wladislaviensis
1080 1752 1211 1812 nomine
1243 1752 1466 1832 procuratorio
1499 1751 1553 1812 dni
1577 1749 1728 1813 Stanislai
1752 1751 1913 1814 scolastici
1937 1753 1977 1813 de

421 1876 580 1918 consensu
606 1855 742 1918 duorum
766 1855 829 1936 Epi
853 1867 886 1918 et
910 1857 1109 1938 prelatorum
1141 1870 1173 1920 et
1197 1859 1424 1920 canonicorum
1457 1859 1748 1939 suprascriptorum
1778 1859 1912 1922 donavit
1935 1879 1979 1920 re·

421 1962 528 2044 gimen
553 1963 713 2026 scolarum
737 1963 872 2026 ecclesie
895 1965 1035 2028 Poznan.
1070 1985 1163 2046 mgro
1188 1964 1329 2027 Martino
1353 1986 1372 2026 a
1396 1964 1480 2028 sesto
1504 1966 1535 2027 b.
1561 1965 1646 2028 Petri
1670 1977 1703 2028 et
1726 1965 1813 2026 Pauli
1837 1966 1975 2047 apostol.

421 2089 515 2150 prox.
540 2082 684 2140 venturo,
710 2071 763 2151 qui
788 2071 920 2134 debebit
945 2083 1056 2134 tenere
1080 2083 1112 2133 et
1137 2092 1265 2134 servare
1300 2072 1419 2134 arcium
1456 2073 1669 2160 baccalarium
1705 2093 1765 2154 pro
1789 2073 1978 2136 coadiutore

421 2187 454 2239 et
478 2175 670 2240 modernum
695 2187 862 2241 cantorem
898 2199 957 2259 pro
990 2179 1079 2241 chori
1113 2190 1245 2243 cantore
1284 2189 1317 2242 et
1340 2179 1482 2242 scolares
1518 2181 1577 2241 sub
1612 2180 1780 2261 disciplina
1815 2191 1848 2242 et
1871 2180 1977 2262 rigore

421 2303 486 2344 non
511 2283 662 2359 discolos,
686 2305 752 2347 non
776 2284 996 2360 scandalosos,
1034 2307 1099 2348 non
1124 2305 1335 2366 personarum
1371 2287 1506 2348 ecclesie
1533 2297 1566 2348 et
1587 2287 1755 2366 presertim
1779 2286 1976 2368 prelatorum

418 2401 451 2454 et
475 2393 704 2455 canonicorum
733 2392 912 2455 offensores
949 2413 1009 2454 nec
1045 2394 1259 2474 dampnorum
1284 2393 1435 2467 illatoreS,
1474 2395 1676 2475 ipsequemet
1712 2415 1793 2476 mgr.
1818 2393 1975 2458 Martinus

420 2499 520 2561 vitam
544 2499 765 2580 exemplarem
790 2510 822 2562 et
848 2500 1140 2562 commendabilem
1164 2502 1289 2572 ducere,
1313 2501 1392 2563 alias
1416 2503 1442 2562 si
1467 2502 1497 2562 in
1525 2520 1719 2582 quocunque
1745 2501 1975 2581 premissorum

418 2626 511 2668 secus
534 2615 643 2668 actum
667 2616 722 2669 aut
746 2607 911 2669 inventum
943 2607 1036 2670 luerit
1068 2619 1101 2669 et
1125 2608 1311 2688 probabile,
1346 2619 1466 2670 extunc
1490 2610 1600 2669 statim
1625 2608 1730 2670 scolas
1755 2609 1918 2690 resignare
1942 2619 1975 2670 et

419 2713 580 2777 dimittere
603 2713 766 2777 tenebitur
789 2723 822 2776 et
846 2715 986 2788 debebit,
1011 2715 1098 2796 quod
1123 2725 1228 2778 totum
1253 2716 1313 2778 sub
1338 2735 1422 2796 pena
1447 2714 1560 2777 eadem
1593 2715 1741 2796 promisit
1771 2735 1806 2777 se
1829 2727 1975 2778 servatu-

418 2839 497 2882 rum.
520 2819 564 2883 Et
588 2819 706 2883 ibidem
731 2819 874 2901 prefatus
898 2822 980 2885 dnus
1005 2823 1145 2885 decanus
1173 2823 1354 2896 substituit,
1379 2823 1451 2885 duis
1475 2823 1548 2904 Epo
1573 2833 1605 2886 et
1623 2821 1755 2903 prelatis
1772 2824 1976 2885 consencien-

418 2928 518 3000 tibus,
543 2927 642 2988 dnum
667 2925 836 2990 officialem
861 2928 901 2990 ad
918 2928 1150 2992 instituendum
1168 2929 1287 2992 dictum
1305 2949 1432 3012 mgrum
1450 2930 1625 2992 Martinum
1642 2940 1674 2991 et
1691 2929 1828 2991 eundem
1845 2929 1973 2992 destitu-

417 3035 536 3098 endum
559 3045 593 3098 et
616 3036 861 3118 corrigendum,
894 3037 993 3119 ipsius
1017 3035 1182 3099 demeritis
1206 3037 1408 3100 evidentibus
1432 3047 1487 3099 aut
1510 3036 1733 3118 probabilibus
1757 3037 1973 3120 exigentibus

417 3142 568 3223 quotiens
591 3141 761 3225 deliquerit
786 3145 816 3205 in
841 3144 1007 3224 premissis
1030 3145 1082 3207 vel
1107 3144 1175 3206 aliis
1198 3145 1388 3206 excessibus
1412 3145 1617 3207 correccione
1642 3154 1675 3207 et
1700 3165 1785 3226 pena
1808 3144 1923 3226 dignis.

635 3335 679 3400 A.
709 3351 800 3418 1447,
824 3337 903 3400 lunii
932 3355 978 3412 11,
1003 3339 1034 3400 in
1058 3339 1210 3420 capitulo.

523 3473 612 3543 337.
636 3476 687 3558 (ll.
714 3479 789 3562 84⁰).
816 3481 978 3544 ..Vener
1003 3482 1086 3544 dnus
1110 3482 1293 3562 Wyschota
1315 3483 1502 3564 prepositus
1526 3481 1664 3543 Poznan.
1695 3483 1726 3543 in
1750 3481 1867 3545 effectu
1891 3503 1973 3544 rece-

417 3585 465 3666 pit
489 3583 516 3648 C
539 3585 607 3649 llor.
630 3585 777 3669 Hungar.
802 3589 871 3651 sine
906 3609 966 3650 sex
989 3589 1029 3649 de
1054 3589 1202 3651 manibus
1226 3589 1339 3650 honor.
1364 3589 1419 3650 dni
1443 3589 1585 3652 lliroslai
1610 3589 1650 3652 de
1675 3589 1794 3670 Bythin
1819 3591 1973 3664 canonici,

416 3703 493 3756 tunc
516 3694 734 3773 procuratoris
758 3695 888 3775 capituli
915 3695 1062 3768 Poznan.,
1099 3717 1158 3777 pro
1182 3698 1295 3778 cappis
1319 3696 1545 3776 comparandis
1569 3698 1599 3758 in
1625 3697 1652 3760 C
1664 3698 1859 3760 racovia
1894 3708 1972 3760 tem-

415 3819 496 3881 pore
519 3803 863 3865 coronationis
898 3803 1009 3884 Magni
1033 3803 1133 3865 Ducis
1169 3803 1414 3878 Kazimiri,
1450 3825 1512 3884 que
1536 3803 1704 3866 coronatio
1741 3804 1893 3884 imposita
1917 3803 1974 3866 luit

415 3905 583 3988 profesto
608 3907 639 3969 b.
664 3904 818 3972 Iohannis
843 3909 992 3991 Baptiste
1016 3909 1184 3983 celebrari,
1217 3911 1305 3992 quod
1329 3920 1406 3973 tunc
1430 3931 1448 3972 a
1473 3912 1523 3974 die
1548 3911 1747 3990 recepcionis
1779 3911 1972 3974 florenorum

414 4014 557 4078 instabat
580 4013 611 4076 in
635 4015 759 4079 duabus
783 4017 973 4098 septimanis
997 4017 1235 4080 celebrandum.

628 4173 672 4236 A.
703 4189 794 4256 1447,
819 4176 885 4239 lulii
915 4194 938 4252 1,
965 4179 995 4238 in
1021 4177 1163 4258 capitulo
1187 4176 1340 4259 generali.

522 4312 609 4381 338.
634 4313 687 4398 (Il.
713 4319 795 4400 85⁰).
820 4317 903 4382 Item
928 4321 1045 4383 ibidem
1070 4323 1179 4403 posito
1203 4323 1234 4383 in
1259 4321 1399 4401 opcione
1422 4319 1636 4382 kmethonum
1665 4320 1705 4382 de
1729 4318 1969 4383 Gotharthowo

413 4434 490 4486 tunc
513 4426 733 4505 presencium,
757 4447 798 4489 an
822 4428 944 4491 vellent
968 4429 1102 4510 singulis
1126 4429 1218 4492 annis
1242 4429 1369 4492 solvere
1393 4449 1452 4510 per
1475 4428 1614 4490 mediam
1639 4448 1780 4490 marcam
1805 4427 1845 4489 de
1869 4427 1966 4508 quoli-

412 4530 468 4592 bet
492 4551 606 4594 manso
630 4554 690 4614 pro
715 4532 892 4608 maldratis,
916 4536 1046 4598 inclusis
1071 4539 1228 4618 pecuniiS,
1252 4538 1369 4619 quibus
1388 4537 1514 4600 solvere
1531 4535 1731 4609 nolentibus,
1756 4535 1969 4598 vendiderunt

412 4639 543 4702 easdem
567 4661 675 4704 vener.
702 4641 768 4703 dno
792 4641 915 4706 Mathie
939 4643 1064 4706 decano
1095 4643 1236 4706 Poznan.
1261 4645 1301 4706 ad
1326 4667 1386 4708 sex
1409 4665 1513 4706 annos
1537 4665 1595 4726 per
1620 4643 1668 4706 XI
1693 4654 1804 4706 scotos
1829 4643 1868 4704 de
1892 4663 1971 4722 quo·

411 4745 489 4809 libet
513 4767 628 4810 manso
652 4749 796 4824 solubili,
822 4752 895 4831 quia
919 4751 1034 4832 prefati
1059 4749 1252 4814 kmethones
1276 4761 1403 4815 tantum
1427 4753 1598 4814 voluerunt
1622 4751 1749 4814 solvere
1773 4771 1831 4831 per
1850 4749 1884 4812 X
1901 4769 1969 4812 sco·

410 4861 476 4926 tos,
502 4863 534 4917 et
557 4853 611 4916 dni
635 4855 821 4926 noluerunt.
846 4858 1033 4939 debentque
1056 4857 1132 4920 dicti
1155 4859 1349 4921 kmethones
1374 4860 1505 4922 easdem
1530 4859 1704 4922 maldratas
1719 4858 1880 4920 adducere
1898 4855 1964 4918 dno

410 4959 533 5023 decano
558 4961 752 5025 Poznaniam
778 4965 809 5026 in
833 4965 965 5026 domum
983 4985 1089 5044 suam,
1115 4967 1377 5045 procuratoribus
1394 4988 1472 5029 vero
1489 4967 1710 5038 iniunxerunt,
1736 4977 1771 5028 ut
1796 4965 1836 5028 de
1854 4985 1968 5029 manso

410 5087 507 5148 quem
532 5067 643 5132 colunt
667 5070 749 5133 dnus
773 5091 890 5154 regens
915 5083 947 5135 et
971 5072 1146 5157 scultetus,
1171 5083 1296 5138 retenta
1321 5087 1354 5138 et
1377 5074 1497 5136 amodo
1522 5073 1679 5137 solvenda
1703 5075 1858 5159 exigant,
1890 5073 1969 5136 alias

410 5173 451 5236 de
475 5177 636 5256 propriis,
661 5179 687 5240 si
711 5178 916 5261 negligentes
940 5179 1072 5255 luerint,
1096 5180 1241 5244 refusuri.

624 5336 668 5399 A.
698 5353 789 5418 1447,
813 5339 880 5402 Iulii
903 5357 933 5419 4,
958 5340 990 5402 in
1014 5340 1159 5422 capitulo
1183 5340 1336 5422 generali.

516 5472 602 5541 339.
628 5477 679 5560 (ll.
706 5481 770 5560 87).
796 5481 878 5545 Item
904 5491 1061 5546 statutum
1085 5483 1205 5546 dudum
1230 5483 1350 5550 editum
1377 5485 1569 5548 innovantes
1594 5495 1626 5548 et
1644 5484 1842 5550 ratificantes
1866 5485 1967 5548 decla·

408 5595 577 5670 taverunt,
603 5589 690 5667 quod
714 5589 768 5650 dni
792 5591 900 5652 vicarii
924 5591 956 5652 in
980 5590 1206 5676 Spiritualibus
1230 5603 1263 5656 et
1288 5591 1442 5656 officiales
1466 5594 1603 5656 Poznan.
1636 5616 1697 5678 pro
1730 5605 1879 5678 tempore
1903 5596 1967 5656 exi·
