4390 6368
800 591 981 652 1101011011
1003 597 1187 656 rouo-1509.
1714 613 1773 688 193

1487 697 1778 706 ——-.---.—--

216 812 470 893 comparendum
493 813 524 874 in
548 814 697 876 sinodo
721 813 748 879 C
757 815 893 878 olensi
917 837 977 898 pro
1002 817 1087 880 festo
1111 817 1324 880 Ascensionis
1348 817 1412 880 Dni
1430 820 1582 900 proximo
1602 822 1634 880 in
1652 821 1775 901 oppido

216 917 298 980 Colo
323 941 382 999 per
404 919 525 982 Rmum
549 921 686 983 dnum..
712 921 879 984 Andream
905 923 1017 984 Rozha
1041 924 1068 986 d.
1096 945 1126 1006 g.
1143 923 1330 1006 archiepum
1355 924 1478 988 Gnezn.
1504 926 1661 988 celebrari
1688 929 1776 990 insti-

215 1033 285 1086 tuta
307 1036 341 1088 et
366 1029 502 1108 negocia
526 1028 658 1108 capituli
683 1049 743 1110 pro
767 1031 930 1091 communi
963 1031 1051 1092 bono
1075 1032 1251 1112 reipublice
1284 1041 1317 1094 et
1349 1034 1526 1095 emunitate
1551 1034 1772 1098 ecclesiastica

219 1142 317 1212 atque
341 1131 417 1194 cleri
442 1133 630 1196 defensione
655 1135 820 1218 agendum
844 1147 877 1200 et
901 1136 1139 1218 perficiendum,
1165 1140 1397 1219 promittentes
1421 1139 1463 1201 de
1488 1149 1624 1203 rato

429 1351 472 1415 A.
503 1369 593 1433 1507,
618 1355 686 1416 10111
710 1373 739 1434 9,
764 1357 796 1418 in
820 1357 963 1438 capitulo
988 1359 1141 1440 generali.

326 1507 439 1578 1014.
465 1512 546 1594 (Vll.
573 1515 635 1592 38).
670 1515 795 1578 Ibidem
819 1517 874 1578 dni
900 1517 1014 1596 prelati
1038 1520 1210 1580 termInum
1235 1539 1296 1599 pro
1321 1520 1371 1583 die
1388 1519 1545 1582 hodierna
1561 1521 1632 1584 ans
1653 1521 1774 1583 Iacobo

213 1613 471 1698 Staschkowsky
495 1621 664 1684 nominato
688 1624 779 1705 regio
804 1632 837 1686 et
861 1623 1041 1688 Soboczski
1064 1627 1177 1707 vigore
1202 1627 1381 1688 litterarum
1413 1629 1553 1707 apostol.
1579 1631 1771 1708 acceptanti,

215 1723 256 1784 ad
278 1725 499 1805 repriendum
535 1747 646 1790 eorum
670 1729 807 1792 alterum
832 1731 872 1792 ad
898 1732 1100 1812 prebendam
1134 1732 1275 1796 Poznan.
1300 1755 1359 1814 per
1383 1734 1459 1796 olim
1488 1755 1596 1796 vener.
1623 1736 1676 1796 dni
1700 1735 1770 1798 Cle-

215 1831 332 1893 mentis
356 1829 397 1894 de
422 1832 599 1914 Pyotrkow
634 1836 758 1898 obitum
794 1848 966 1900 vacantem
1000 1841 1216 1920 assignatum,
1243 1841 1283 1902 de
1307 1861 1468 1904 consensu
1494 1842 1548 1903 dni
1571 1841 1680 1903 Iacobi
1706 1839 1768 1927 [de]

215 1935 459 2020 Schamotbuly,
491 1943 710 2022 procuratoris
734 1944 788 2005 dni
811 1943 1078 2027 Staschkowsky,
1104 1956 1137 2008 et
1160 1948 1259 2028 Ipsius
1283 1946 1462 2010 Soboczski
1495 1948 1614 2010 ibidem
1646 1969 1773 2029 presen-

109 2076 112 2082 ·
215 2045 298 2106 cium
323 2057 476 2109 oretenus
500 2047 586 2111 facto
610 2049 685 2111 hinc
715 2051 755 2112 ad
780 2050 897 2113 festum
923 2073 948 2114 s.
974 2051 1141 2115 Michaelis
1173 2075 1267 2134 prox.
1293 2055 1446 2134 peticioni
1471 2054 1601 2137 magnif.
1628 2055 1682 2116 dni
1706 2055 1774 2116 An·

214 2151 290 2214 dree
315 2153 356 2215 de
379 2151 616 2236 Schamotbuly
651 2157 784 2236 palatim
819 2158 960 2221 Poznan.
987 2159 1255 2240 obtemperantes
1288 2171 1507 2243 prorogarunt
1531 2171 1565 2224 et
1589 2162 1723 2236 Interim,
1749 2163 1776 2223 si

214 2257 296 2320 dnus
318 2257 511 2343 Soboczslcy
535 2263 658 2326 litteras
682 2265 788 2345 regias
812 2265 853 2326 ad
877 2265 1065 2346 capitulum,
1091 2267 1242 2347 quatinus
1267 2267 1298 2328 in
1323 2271 1515 2330 canonicum
1540 2277 1650 2349 preter
1673 2268 1772 2330 dnum

213 2361 458 2430 Staschkowski
482 2369 662 2449 recipiatur,
687 2371 872 2445 obtinuerit,
897 2373 948 2434 vel
965 2371 1209 2436 Staschkowski
1234 2375 1336 2436 eciam
1360 2395 1421 2455 pro
1446 2396 1481 2437 se
1506 2376 1627 2438 similes
1651 2375 1774 2436 obtule·

214 2475 254 2534 rit
277 2473 436 2556 capitulo,
470 2479 642 2558 recipiatur
676 2480 765 2558 prior
796 2499 869 2540 cum
901 2479 1016 2542 litteris
1051 2479 1235 2544 huiusmodi
1251 2481 1298 2561 R.
1324 2482 1401 2545 Mtis
1426 2503 1461 2545 50
1485 2493 1714 2564 representans
1738 2483 1770 2542 in

215 2600 416 2646 canonrcum.

429 2801 472 2864 A.
501 2817 592 2883 1507,
617 2803 687 2866 Iulii
717 2822 770 2880 10,
795 2807 826 2866 in
851 2807 994 2886 capitulo
1018 2808 1169 2888 generali.

326 2941 437 3008 1015.
462 2944 548 3024 (VII.
574 2947 652 3026 38⁰).
687 2945 813 3009 Ibidem
838 2948 952 3028 prelati
977 2949 1030 3010 dni
1054 2950 1292 3030 deputaverunt
1317 2970 1368 3012 me
1393 2951 1554 3012 notarium
1588 2952 1703 3014 iturum
1730 2953 1771 3012 ad

212 3050 377 3112 civitatem
400 3072 461 3132 pro
485 3053 670 3134 recipiendo
695 3055 874 3116 iuramento
900 3069 932 3118 et
957 3057 1107 3118 examine
1131 3058 1172 3118 ad
1197 3058 1296 3119 dnum
1313 3057 1566 3138 Bothurzynsky
1583 3069 1772 3120 exactorem

212 3155 253 3218 R.
279 3156 356 3219 Mtis
379 3177 476 3238 super
501 3159 668 3222 nobilitate
693 3161 747 3223 dni
770 3161 882 3224 Iacobi
906 3161 1152 3226 Staschlrowslri
1177 3165 1334 3227 nominati
1358 3166 1453 3248 regii,
1478 3167 1619 3227 instante
1644 3163 1773 3226 1100Ιο-

213 3263 300 3325 eobo
323 3262 387 3348 [de]
411 3263 647 3348 Schamotbuly
672 3269 772 3348 ipsius
796 3271 951 3334 nominati
976 3281 1195 3350 procuratore.

428 3484 471 3547 A.
503 3501 597 3565 1509,
624 3485 706 3550 10011
732 3491 788 3562 28,
813 3489 844 3550 in
868 3489 1011 3570 capitulo
1034 3491 1185 3572 generali.

325 3623 433 3691 1010.
459 3625 547 3710 (VII.
572 3629 635 3708 68).
661 3628 908 3710 Capitulum
933 3632 1141 3712 generale
1174 3653 1234 3713 pro
1258 3633 1341 3696 festo
1364 3633 1395 3696 b.
1418 3632 1504 3694 Petri
1530 3643 1563 3696 et
1585 3633 1673 3694 Pauli
1697 3653 1773 3713 apo·

212 3735 372 3799 stolorum
395 3783 422 3798 ..
447 3735 662 3799 Interfuerunt
685 3747 856 3818 presentes
880 3738 942 3799 Rdi
967 3747 1078 3820 patres
1102 3749 1135 3802 et
1159 3761 1267 3804 vener.
1292 3741 1346 3801 dni
1370 3739 1531 3802 Iohannes
1555 3741 1595 3802 de
1620 3739 1769 3802 Lukowo

213 3843 370 3916 decanus,
406 3840 566 3904 lohannes
590 3845 630 3905 de
654 3843 741 3906 Gora
774 3844 1019 3907 archidiaconus
1055 3844 1206 3918 Poznan.,
1242 3847 1420 3909 Anzelmus
1453 3847 1621 3908 Lulrovslri
1646 3859 1768 3924 cantor,

213 3948 367 4012 Nicolaus
391 3947 516 4030 Ceppel
551 3949 766 4023 Srzemensis,
802 3951 963 4015 Iohannes
995 3952 1175 4016 Slavienski
1211 3953 1377 4017 Pczevesis
1401 3956 1432 4016 in
1457 3955 1594 4016 00010510
1629 3953 1769 4016 Poznan.

212 4057 428 4118 archidiaconi
453 4067 486 4118 et
508 4056 662 4120 Andreas
687 4058 829 4121 Cr'ziczlri
852 4059 1081 4134 cancellarius,
1118 4081 1245 4123 necnon
1269 4061 1427 4124 Martinus
1451 4061 1696 4134 Dambrowski‚
1722 4060 1771 4124 Io·

212 4163 337 4226 hannes
360 4162 552 4236 CrothosId,
576 4165 634 4226 lob
658 4165 869 4238 Roskowshi,
894 4165 1121 4248 SigiSmundus
1146 4169 1185 4229 de
1210 4159 1455 4248 Camyenyecz,
1487 4168 1639 4230 Andreas
1665 4167 1771 4230 Czies-

212 4271 337 4344 sielshi,
362 4269 559 4334 Laureucius
583 4284 616 4335 et
640 4272 779 4335 Mathias
803 4271 1007 4345 Grodaiczlri,
1035 4275 1189 4337 Nicolaus
1208 4273 1336 4344 Oleslri‚
1361 4275 1520 4336 Albertus
1537 4274 1769 4344 Pakoslawslri,

212 4377 358 4438 Thomas
383 4376 647 4452 Goczallrowslri,
673 4379 829 4442 Nicolaus
853 4379 965 4454 SuskI,
998 4381 1264 4456 Grochoviczslri,
1302 4381 1493 4444 Bodzantha
1518 4381 1770 4454 Comorniczski,

212 4483 410 4546 Laurencius
445 4484 632 4548 Roznovski
667 4489 781 4566 prelati
806 4498 839 4549 et
863 4491 1010 4550 canonici
1046 4491 1181 4552 ecclesie
1207 4491 1343 4552 Poznan.
1367 4489 1431 4551 XX
1456 4475 1590 4550 numero
1616 4498 1692 4550 tunc
1717 4509 1771 4550 ex-

213 4599 321 4654 tantes
344 4593 549 4674 congregati.
574 4603 606 4656 et
630 4591 782 4656 Andreas
806 4594 922 4658 Lasshi
946 4595 1098 4660 infirmus.

429 4812 472 4877 A.
503 4830 602 4894 1509,
626 4813 697 4876 Iulii
726 4832 777 4889 11,
802 4816 834 4877 in
858 4817 1002 4897 capitulo
1027 4817 1179 4898 generali.

324 4951 435 5020 1017.
459 4955 547 5038 (VII.
572 4955 634 5038 70).
666 4956 749 5020 Item
773 4957 828 5020 dni
851 4959 966 5039 prelati
990 4969 1023 5020 et
1048 4961 1195 5021 canonici
1219 4961 1463 5022 considerantes
1487 4978 1639 5040 magnam
1665 4979 1771 5020 neces-

211 5067 341 5128 sitatem
375 5065 587 5145 reparationis
622 5075 655 5128 et
689 5065 925 5127 reformationIs
961 5067 1113 5139 00010510,
1149 5068 1368 5146 timentesque
1400 5067 1440 5127 de
1472 5067 1593 5149 maiore
1618 5066 1707 5126 ruina
1731 5085 1769 5126 ac

211 5173 355 5254 periculo
379 5172 510 5235 obviare
532 5171 681 5234 volentes
705 5173 896 5233 unanimiter
920 5173 1160 5246 concluserunt,
1185 5183 1221 5235 ut
1238 5173 1444 5260 Resurrectio
1461 5183 1617 5253 argentea
1634 5183 1666 5233 et
1682 5171 1768 5232 aliud

211 5289 384 5362 argentum
407 5279 557 5353 ecclesie,
583 5279 672 5360 quod
696 5279 891 5359 superfluum
916 5289 974 5355 051,
1000 5281 1195 5342 venderetur
1217 5291 1251 5343 et
1275 5289 1520 5342 converteretur
1544 5299 1604 5358 pro
1622 5277 1771 5339 reforma-

210 5389 300 5450 tione
324 5385 459 5448 ecclesie
482 5407 556 5448 cum
580 5407 738 5449 consensu
763 5387 866 5448 eciam
886 5387 961 5448 Rmi
986 5388 1040 5449 dni
1065 5387 1128 5468 Epi
1153 5387 1301 5461 Poznan.,
1326 5388 1380 5468 qui
1404 5386 1536 5448 tandem
1560 5385 1614 5445 dni
1641 5405 1768 5464 recepe·

210 5504 285 5556 runt
309 5491 378 5556 VII
402 5492 517 5556 calices
541 5514 613 5556 cum
637 5491 705 5555 VII
729 5494 856 5572 patenis
879 5497 1044 5575 argenteis
1068 5495 1229 5556 deauratis
1254 5515 1292 5555 ac
1316 5493 1602 5556 Resurrecti0nem
1629 5501 1662 5553 et
1686 5493 1770 5571 piari-

211 5601 286 5662 dem
311 5610 484 5680 argenteas
508 5602 548 5663 de
572 5601 725 5663 thezauro
757 5619 818 5682 pro
852 5599 971 5663 fabrica
1007 5612 1041 5664 et
1071 5601 1300 5664 reformatione
1336 5600 1422 5664 dicte
1458 5600 1594 5662 ecclesie
1629 5598 1767 5661 Poznan.

320 5711 380 5752 Mon.
397 5709 520 5751 11101110
535 5710 585 5754 niu.
615 5711 634 5751 T
657 5711 715 5752 xm.
1581 5703 1615 5760 25
