4416 6366
461 559 519 622 128
958 555 1054 606 acra
1073 553 1235 605 caurum
1255 553 1510 604 vozuamuusrs

454 649 657 656 -————.--..⁶
666 647 871 656 .-—....—-—.--.
1420 647 1496 652 -—..
1514 647 1526 652 -
1561 643 1850 652 -ω-ι-ι--ιι
1870 645 1898 652 .-
1907 643 2006 654 ..ι-...-

562 765 650 834 672.
682 767 785 848 (lbid.)
808 767 930 830 Ibidem
955 768 1192 847 deputaverunt
1217 765 1270 828 dni
1294 768 1335 828 ad
1360 765 1399 828 R.
1425 765 1526 828 Mtem
1551 767 1582 827 in
1607 764 1723 828 Colo
1747 766 1789 828 ad
1812 785 2010 828 conven-

454 877 617 938 cionem
641 897 747 938 vener.
772 876 870 937 dnum
895 874 1069 936 Albertum
1094 873 1134 934 de
1159 871 1232 952 Gay
1256 873 1424 936 custodem
1442 871 1573 948 Gnezn.,
1594 874 1644 934 cui
1661 887 1722 952 pro
1738 874 1892 953 expensis
1908 872 1940 935 X
1956 872 2010 934 llo-

456 1003 554 1046 renos
570 983 743 1064 Rynenses
759 982 799 1044 de
817 983 953 1062 pecunia
970 999 1144 1062 capparum
1162 981 1229 1042 dno
1246 979 1379 1042 Andree
1396 979 1602 1060 Rogalinsky
1626 981 1702 1042 dare
1725 979 2010 1042 demandaverunt.

669 1175 711 1237 A.
743 1190 839 1254 1479,
864 1174 970 1237 Martii
996 1190 1055 1246 21,
1080 1175 1110 1234 in
1135 1173 1286 1255 capitulo.

564 1305 650 1373 673.
675 1309 742 1386 (IV.
768 1309 831 1386 32).
856 1307 983 1370 Electio
1007 1308 1060 1369 dni
1085 1307 1202 1370 Urielis
1227 1309 1258 1368 in
1277 1307 1475 1387 episcopum.
1493 1341 1536 1350 —-
1554 1305 1614 1368 Die
1638 1303 1757 1368 Solis..
1786 1326 1894 1368 vener.
1921 1306 2008 1367 dni..

456 1417 571 1497 prelati
602 1427 634 1478 et
663 1417 808 1476 canonici
840 1415 976 1478 ecclesie
1010 1415 1279 1478 Poznaniensis..
1315 1413 1573 1494 elegerunt
1607 1412 1716 1474 Rdum
1753 1423 1879 1494 patrem
1910 1412 2008 1473 dnum

456 1521 598 1585 Urielem
623 1523 663 1584 de
688 1520 798 1584 Gorlta
822 1523 1023 1602 prepositum
1049 1519 1171 1583 Gnezn.
1204 1531 1236 1582 et
1260 1520 1399 1582 Poznan.
1432 1519 1639 1582 ecclesiarum
1672 1538 1731 1599 per
1760 1521 1845 1581 viam
1878 1519 2010 1598 inspira·

454 1630 556 1692 cionis
580 1629 610 1691 in
635 1630 837 1710 episcop
852 1649 871 1688 u
886 1647 916 1689 111
941 1629 1077 1690 ecclesie
1101 1627 1238 1690 Poznan.
1264 1629 1391 1690 nemine
1410 1627 1641 1698 dissenciente,
1667 1625 1872 1705 presentibus
1889 1625 2006 1686 ibidem

455 1735 541 1799 Rmo
565 1746 657 1817 patre
681 1735 746 1797 dno
770 1735 890 1796 Iacobo
917 1734 1083 1816 Archiepo
1101 1733 1230 1808 Gnezn.,
1256 1734 1433 1797 Benedicto
1450 1733 1490 1796 de
1507 1733 1692 1814 Lopyenno
1710 1731 1841 1806 Gnezn.,
1865 1731 2008 1794 Iohanne

455 1843 496 1906 de
519 1843 709 1914 Przesseka,
741 1841 887 1922 Symone
919 1841 1030 1904 Cleoie
1054 1842 1095 1904 de
1118 1841 1270 1904 Lancicia
1294 1861 1319 1904 s.
1344 1840 1476 1922 Georgii
1502 1841 1532 1902 in
1557 1851 1665 1904 castro
1689 1839 1811 1902 Gnezn.
1836 1839 2008 1920 collegiate

456 1950 662 2012 ecclesiarum
686 1951 849 2012 canonicis
873 1959 933 2011 etc.
949 1950 972 2030 ¹)

672 2143 715 2204 A.
747 2157 843 2222 1479,
868 2143 974 2204 Martii
1000 2157 1059 2212 22,
1084 2143 1114 2204 in
1141 2143 1293 2223 capitulo

564 2271 652 2340 674.
685 2276 752 2357 (IV.
779 2277 889 2355 30⁰)..
915 2275 1035 2338 Vener.
1060 2275 1115 2337 dni
1138 2275 1248 2338 Adam
1273 2275 1430 2348 decanus,
1459 2275 1619 2338 Iohannes
1643 2273 1835 2356 Goslupslcy
1857 2273 2008 2336 archidia-

456 2404 572 2453 conuS,
598 2382 711 2444 Petrus
735 2382 910 2464 Pnyevslry
935 2393 1056 2454 cantor,
1081 2393 1207 2452 custos,
1233 2385 1437 2456 scolasticus,
1463 2381 1677 2452 Srzeniensis,
1701 2381 1891 2444 Pczevensis
1907 2379 2009 2442 archi·

456 2490 599 2562 diaconi,
636 2489 860 2560 cancellarius,
893 2489 1109 2572 Rogalinsky,
1143 2509 1224 2570 mgr.
1251 2489 1404 2552 Nicolaus
1427 2491 1467 2552 de
1491 2489 1630 2560 Costen,
1666 2488 1904 2568 Pleschewsky‚
1929 2507 2009 2568 mgr.

455 2595 706 2678 Dobrogostius,
723 2595 883 2658 lohannes
900 2595 939 2658 de
957 2595 1110 2676 P0p0w0,
1128 2595 1260 2668 Hector,
1277 2595 1472 2676 lablowslty,
1489 2595 1693 2666 wladislaus,
1711 2595 1872 2666 Nicolaus,
1898 2592 2009 2658 Czacz-

456 2703 527 2784 sky,
551 2701 760 2784 Smygelsky,
784 2701 945 2765 lohannes
969 2701 1165 2782 Lucowsky,
1191 2702 1465 2784 Gylowyeczsky,
1494 2703 1708 2784 Rambinslry,
1741 2701 1897 2764 Martinus
1922 2699 2010 2780 Nye·

456 2808 665 2890 chanowsky,
683 2807 840 2872 Albertus
858 2807 968 2880 Scora,
984 2808 1145 2872 lohannes
1162 2809 1311 2890 Xanslry,
1329 2810 1486 2872 Martinus
1504 2809 1591 2889 Slap,
1604 2809 1830 2888 Zakrzewsky,
1847 2806 2007 2869 lohannes

457 2915 755 2996 Zayanczlcowsky,
786 2917 939 2978 Nicolaus
968 2915 1190 2998 Szyrpowsky
1215 2927 1248 2979 et
1272 2937 1351 2998 mgr.
1377 2917 1573 2980 Vincencius
1597 2917 1814 2998 Carczewslry
1836 2915 1953 2996 prelati
1974 2923 2009 2975 et

457 3024 603 3086 canonici
628 3023 763 3086 ecclesie
788 3024 926 3086 Poznan.
951 3025 992 3086 ad
1015 3044 1130 3086 sonum
1148 3045 1306 3106 campane
1323 3025 1540 3104 capitulariter
1558 3026 1588 3086 in
1607 3025 1703 3086 solito
1720 3023 1793 3086 loco
1809 3021 2009 3104 congregati.

565 3161 651 3230 675.
675 3164 775 3246 (Ibid.)
791 3165 937 3228 dlbidem
955 3175 1031 3246 post
1047 3167 1189 3228 habitam
1207 3165 1270 3228 Rdi
1286 3169 1386 3248 patris
1403 3166 1456 3228 dni
1474 3166 1591 3228 Urielis
1609 3167 1648 3228 de
1662 3164 1772 3228 Gorka
1785 3165 1816 3226 in
1831 3163 1935 3244 Epum
1949 3163 2007 3224 Po

456 3292 548 3334 znan.
573 3271 769 3334 eleccionem
793 3273 834 3334 ad
857 3293 972 3336 sonum
996 3293 1154 3353 campane
1177 3275 1395 3354 capitulariter
1418 3273 1592 3336 venerandi
1616 3282 1724 3353 patres
1741 3281 1774 3334 et
1790 3271 1845 3332 dni
1861 3272 2007 3352 superius

456 3379 608 3458 descripti
633 3381 866 3442 convenientes
897 3391 929 3441 et
957 3381 997 3441 de
1026 3379 1132 3442 futuro
1163 3381 1226 3441 alio
1257 3381 1517 3442 administratore
1549 3379 1709 3462 eligend0,
1741 3379 1796 3460 qui
1818 3381 1860 3442 sit
1882 3378 2010 3458 dignior

455 3488 630 3566 apciorque
656 3487 738 3548 inter
762 3507 796 3548 se
821 3495 933 3549 mutuo
957 3487 1183 3568 colloquentes
1214 3497 1246 3548 et
1278 3487 1406 3548 modico
1438 3487 1569 3548 silencio
1603 3487 1686 3549 inter
1713 3505 1748 3548 se
1776 3485 1888 3546 habito
1917 3504 2009 3546 vene-

455 3592 574 3654 randus
597 3594 679 3655 dnus
704 3591 813 3654 Adam
839 3593 980 3654 decanus
1005 3593 1143 3655 Poznan.
1169 3596 1252 3656 inter
1275 3594 1337 3654 alia
1361 3594 1443 3656 dixit
1472 3593 1531 3656 hec
1555 3593 1672 3655 verba:
1710 3593 1876 3675 Eligamus
1909 3611 2008 3652 unum

455 3701 565 3781 itaque
597 3719 639 3761 ex
671 3699 781 3770 nobis,
814 3701 869 3781 qui
901 3701 941 3762 sit
966 3701 1170 3781 integerrime
1195 3703 1260 3762 vite
1284 3710 1316 3762 et
1342 3709 1485 3762 maturus
1510 3711 1542 3762 et
1566 3719 1743 3782 perquem
1768 3720 1808 3761 ne
1832 3697 2008 3780 spiritualia

455 3806 662 3888 negligantur
692 3815 726 3870 et
749 3806 942 3886 temporalia
972 3807 1081 3887 dirripi
1113 3807 1330 3888 quovismodo
1363 3808 1531 3870 videantur
1565 3807 1940 3886 administratoremque,
1972 3815 2008 3866 ut

455 3915 554 3975 moris
577 3922 644 3986 est,
669 3933 824 3975 vocemus
848 3915 931 3976 inter
955 3935 1015 3976 nos
1040 3925 1072 3976 et
1097 3915 1310 3976 nominemus.
1344 3913 1538 3995 Quiquidem
1563 3916 1767 3976 venerandus
1791 3915 1874 3975 dnus
1899 3913 2006 3974 Adam

455 4021 624 4102 exquisitis
648 4031 680 4082 et
704 4021 820 4082 auditis
844 4023 987 4082 omnium
1012 4031 1044 4082 et
1062 4022 1262 4102 singulorum
1280 4020 1346 4082 fere
1363 4022 1560 4101 prelatorum
1577 4031 1609 4082 et
1625 4021 1856 4082 canonicorum
1873 4020 2007 4082 ecclesie

454 4129 578 4210 prefate
602 4128 740 4190 Poznan.
766 4131 851 4189 votis
876 4149 991 4189 omnes
1016 4149 1079 4190 una
1103 4149 1184 4190 voce
1208 4139 1240 4189 et
1263 4129 1469 4190 concorditer
1492 4149 1599 4190 vener.
1632 4128 1731 4188 dnum
1764 4127 1934 4188 Nicolaum
1966 4125 2008 4186 de

454 4233 602 4296 Sobotha
626 4235 795 4296 custodem
821 4246 854 4297 et
877 4235 1044 4298 officialem
1071 4235 1207 4300 Poznan.
1232 4235 1415 4316 generalem
1441 4235 1471 4295 in
1497 4235 1790 4296 administratorem
1812 4241 2008 4302 creaverunt,

455 4342 623 4423 elegerunt
654 4351 686 4403 et
718 4340 794 4422 init)
826 4343 1080 4404 iurisdiccionem
1113 4343 1143 4404 in
1177 4343 1351 4422 capitulum
1384 4343 1414 4402 in
1443 4361 1557 4404 omnes
1582 4341 1741 4402 defluxam
1767 4341 1952 4403 obtulerunt
1975 4347 2009 4400 et

454 4449 717 4510 transfunderunt
741 4467 881 4529 eumque
908 4469 1023 4510 omnes
1055 4450 1349 4512 administratorem
1382 4449 1643 4512 acclamaverunt
1674 4458 1707 4510 et
1739 4459 1840 4510 testes
1871 4447 2010 4526 desuper
2066 4441 2071 4450 '

453 4555 605 4617 advocari
630 4553 864 4617 mandaverunt
889 4567 953 4617 etc.

563 4691 649 4761 676.
686 4696 791 4778 (111111.)
819 4696 942 4759 ibidem
967 4697 1021 4758 dni
1045 4698 1110 4758 dno
1135 4697 1209 4758 Ade
1233 4699 1357 4759 decano
1382 4698 1507 4780 regenti
1531 4697 1640 4758 villam
1664 4695 1887 4758 Posczukowo
1910 4713 2006 4756 unam

454 4823 654 4886 sexagenum
690 4805 826 4885 pecunie
861 4805 1069 4866 anniversarii
1105 4814 1137 4866 et
1173 4815 1278 4867 totum
1314 4825 1446 4866 censum
1483 4824 1526 4866 ex
1559 4805 1629 4885 ipsa
1660 4804 1735 4864 villa
1764 4803 2008 4882 provenientem

454 4921 590 4992 propter
624 4912 1038 4992 stipendariorum
1072 4912 1329 4974 destruccionem
1365 4912 1568 4984 dimiserunt,
1606 4919 1639 4972 et
1674 4911 1830 4990 exequias
1863 4909 1924 4971 sibi
1951 4927 2010 4988 per

454 5019 553 5080 dnum
577 5019 790 5080 Vincencium
815 5017 1062 5100 Strzalkowsky
1093 5029 1337 5099 procuratorem
1368 5019 1544 5082 delalcatas
1569 5019 1738 5080 restituere
1762 5015 2006 5078 mandaverunt.

454 5195 766 5204 ——--—--—---—-

563 5315 582 5382 ¹)
601 5316 711 5383 Zupisku
728 5327 755 5368 ta
773 5333 844 5383 przez
863 5317 982 5384 pomylkg
1000 5317 1094 5367 zostuln
1116 5318 1265 5383 wciqgniqtq
1292 5317 1326 5366 do
1351 5315 1431 5382 ltsiqgi
1455 5316 1595 5382 111ρί1111111
1620 5332 1654 5381 po
1679 5313 1778 5380 zopisce
1801 5313 1945 5379 nnstepnej3
1967 5311 2010 5360 tle

455 5406 929 5471 1111111111011110111111111111111111111111
950 5406 1071 5468 wskazat,
1098 5426 1118 5456 w
1142 5407 1221 5473 11111111
1241 5407 1368 5472 porzqdlm
1393 5407 1460 5470 mujq
1485 5421 1519 5471 po
1544 5405 1616 5454 sobie
1641 5407 1803 5469 uustqpowuc
1827 5401 2008 5468 poszeaegdlne

455 5497 541 5562 wpisy‚
561 5497 569 5544 i
588 5513 610 5544 w
629 5503 680 5562 tym
700 5496 833 5562 wzglqdzie
851 5495 1053 5562 skorzystalisrny
1071 5513 1084 5544 z
1102 5495 1323 5562 pomieszczonych
1344 5513 1366 5545 w
1385 5495 1511 5561 rqlcopisie
1531 5493 1696 5545 wsknzdwek.

562 5581 583 5654 ¹)
601 5585 666 5636 Cod.
686 5585 720 5638 111.
