4416 6366
423 599 483 660 118
906 593 974 642 ACT
977 595 999 641 Α
1019 593 1181 642 CAPITULl
1200 591 1455 641 POZNANIENsrs

420 687 989 696 --.--——---a---.—--.-—--.-.-...--.-.
1014 685 1072 690 -—.-
1156 685 1239 690 ω.
1445 685 1450 689 .
1478 683 1716 690 ——.--—.—---
1745 684 1804 690 -—-
1824 683 1907 689 --.-
1922 682 1966 689 -

630 806 673 870 Α.
704 821 804 886 1472,
827 805 962 868 Ianuarii
987 822 1045 884 23,
1070 805 1101 866 in
1126 804 1279 886 capitulo.

525 945 614 1014 616.
646 948 706 1029 llll.
736 948 833 1030 130⁰).
866 945 948 1010 Item
973 947 1105 1010 domino
1129 948 1302 1010 scolastico
1326 947 1554 1028 appenderunt
1578 947 1778 1010 solucionem
1804 947 1969 1029 pensionis

417 1057 458 1118 ad
483 1056 658 1138 capitulum
683 1055 834 1138 generale
860 1065 995 1135 propter
1018 1055 1174 1136 dampna,
1200 1076 1262 1136 que
1287 1055 1415 1118 sustulit
1439 1065 1588 1136 tempore
1613 1053 1743 1117 belli.

630 1249 674 1312 A.
706 1263 804 1328 1472,
828 1247 995 1312 Februarii
1020 1249 1087 1332 8¹),
1113 1249 1143 1310 in
1167 1247 1320 1330 capitulo.

525 1387 611 1456 617.
635 1391 696 1472 (111.
727 1392 814 1471 130⁰)
829 1441 857 1454 ..
884 1391 1003 1454 Vener.
1023 1391 1077 1452 dni
1094 1391 1296 1472 prepositus,
1313 1401 1440 1464 custos,
1465 1391 1670 1462 scolasticus,
1695 1387 1831 1464 Skudla,
1855 1385 1969 1452 Strzal·

417 1499 565 1578 lrowsky,
582 1496 815 1579 Sandivogius,
833 1497 1060 1580 Rogalynsky,
1078 1498 1217 1572 Costen,
1238 1497 1416 1578 Skoezslry‚
1433 1497 1593 1560 lohannes
1611 1497 1652 1558 de
1667 1497 1822 1578 Popow0,
1840 1495 1963 1558 Hector

416 1605 611 1685 Iablowsky,
629 1604 801 1685 Czaczslry,
820 1603 1092 1687 Gylowyeczsky,
1110 1604 1290 1668 Stanislaus
1306 1605 1515 1686 Smygelsky,
1536 1603 1762 1686 Syrakowslry
1778 1604 1969 1666 auctoritate

418 1732 475 1793 per
498 1713 672 1793 capitulum
697 1713 848 1794 generale
873 1713 1022 1793 proxime
1046 1733 1105 1793 pro
1130 1712 1214 1776 festo
1237 1733 1262 1776 s.
1290 1713 1417 1775 Martini
1449 1711 1647 1774 celebratum
1679 1711 1834 1774 attributa
1863 1709 1968 1772 decre-

416 1831 532 1882 verunt
555 1820 776 1881 molendinum
794 1819 924 1900 capituli
942 1820 981 1881 de
999 1840 1086 1881 novo
1103 1819 1265 1894 edificare,
1289 1820 1330 1881 ad
1348 1820 1436 1900 quod
1457 1819 1702 1902 gubernandum
1721 1829 1754 1881 11
1770 1818 1970 1880 laboratores

420 1927 638 2008 aspiciendum
662 1927 760 1988 dnum
787 1927 953 1988 Andream
979 1927 1019 1988 de
1043 1927 1220 2008 Rogalyno
1244 1929 1435 1990 canonicum
1459 1926 1704 2006 deputaverunt.

525 2068 673 2150 Inprimis
696 2071 806 2150 itaque
830 2068 883 2130 dni
910 2069 1053 2150 plurimis
1077 2069 1268 2132 tractatibus
1296 2071 1379 2132 inter
1403 2088 1437 2132 se
1461 2067 1587 2130 hicinde
1611 2067 1741 2143 habitis,
1766 2077 1969 2130 recensentes

419 2177 655 2250 emolumenta,
686 2196 748 2256 que
779 2175 914 2247 fiebant,
948 2177 1023 2238 dum
1054 2175 1139 2238 idern
1167 2175 1404 2249 molendinum,
1437 2173 1650 2258 quodmodo
1675 2174 1814 2237 minatur
1838 2174 1970 2246 ruinam,

419 2283 451 2344 in
474 2303 534 2344 suo
558 2283 670 2364 vigore
695 2283 819 2357 extitit,
852 2303 911 2346 nec
935 2293 1061 2347 tantum
1094 2283 1188 2346 fuerit
1218 2293 1383 2347 vetustate
1413 2301 1598 2355 corrosum,
1631 2280 1748 2363 qulbus
1779 2280 1969 2344 utilitatibus

419 2388 598 2452 residentes
622 2400 655 2452 et
678 2390 888 2453 advenientes
912 2391 1099 2473 gaudebant
1122 2391 1261 2464 domini,
1290 2391 1417 2472 ignavie
1448 2399 1548 2472 atque
1572 2389 1724 2471 segniciei
1746 2387 1970 2450 ascribendum

419 2495 503 2571 fore,
535 2517 577 2558 ex
600 2517 664 2578 quo
689 2509 782 2560 vetus
807 2498 891 2561 istud
916 2497 1135 2560 molendinum
1160 2499 1269 2579 plures
1293 2497 1486 2560 absumebat
1513 2507 1671 2578 sumptus,
1695 2516 1791 2577 quam
1815 2495 1971 2558 reddebat

418 2615 611 2684 proventus,
637 2605 696 2666 nisi
719 2605 760 2666 ad
785 2625 904 2668 novum
929 2615 1136 2686 assurgerent
1160 2605 1429 2677 construendum,
1458 2603 1675 2686 dedecoriquo
1699 2601 1767 2665 lore
1791 2612 1823 2666 et
1847 2603 1969 2684 pudori,

418 2710 444 2772 si
476 2711 726 2790 predecessores
757 2732 833 2774 suos
866 2713 957 2793 sequi
990 2733 1054 2774 non
1087 2711 1215 2786 liberet,
1251 2731 1388 2793 quorum
1418 2711 1560 2774 facinora
1591 2711 1724 2794 egregia
1754 2711 1971 2773 admiracione

418 2815 629 2890 celebrantur,
654 2819 707 2899 qui
732 2839 791 2899 pro
815 2817 1007 2882 fundacione
1031 2819 1105 2882 dicti
1130 2819 1306 2884 molendini
1331 2817 1417 2900 apud
1439 2839 1534 2901 reges
1551 2829 1583 2882 et
1600 2819 1750 2882 dominos
1767 2817 1971 2895 insudarunt;

419 2943 459 2985 ne
483 2925 592 3006 itaque
616 2944 734 2987 nomen
759 2925 986 2988 modernorum
1018 2947 1075 3006 per
1106 2927 1285 2989 secordiam
1310 2925 1565 2998 labefactaretur,
1599 2925 1800 3006 superiorum
1829 2937 1972 2988 contem·

421 3029 578 3112 placione,
603 3033 628 3094 si
652 3052 692 3094 eo
717 3033 821 3095 minus
845 3034 1065 3114 promptiores
1081 3032 1186 3096 forent
1209 3033 1261 3095 vel
1282 3033 1323 3095 ad
1339 3033 1597 3096 conservandum
1614 3052 1734 3114 magno
1751 3043 1844 3112 parta
1861 3031 1971 3095 labore

419 3137 470 3200 vel
493 3139 534 3200 ad
550 3139 792 3202 instaurandum
810 3141 929 3202 ruitura
946 3142 1013 3202 sive
1031 3141 1072 3204 ad
1088 3141 1289 3204 adiciendum
1307 3159 1407 3212 nova,
1432 3137 1647 3214 attendentes,
1672 3139 1820 3222 quamvis
1836 3139 1971 3221 pecunie

419 3244 556 3326 plurime
579 3265 639 3327 pro
662 3246 841 3308 edificando
869 3247 995 3328 prelato
1027 3247 1215 3310 molendino
1247 3247 1426 3310 necessarie
1458 3247 1538 3321 sint,
1569 3257 1637 3310 tum
1669 3247 1744 3328 quia
1771 3245 1972 3310 laboratores

418 3353 616 3433 sumptuosi,
648 3363 716 3416 tum
741 3353 815 3434 quia
839 3353 957 3417 robora
982 3356 1138 3418 remotius
1162 3353 1301 3428 distent,
1333 3363 1403 3418 tum
1434 3355 1574 3416 maxime
1605 3354 1679 3435 quia
1707 3353 1739 3416 in
1762 3374 1850 3417 novo
1873 3353 1972 3416 fundo

418 3457 629 3522 edificandum
653 3469 718 3533 est,
744 3460 798 3522 ubi
822 3461 969 3524 uberiora
993 3471 1166 3542 sperantur
1190 3461 1425 3536 emolumenta,
1450 3461 1545 3524 nichil
1569 3471 1694 3536 tamen,
1719 3471 1753 3524 ut
1777 3461 1808 3522 in
1832 3459 1972 3524 futurum

420 3566 492 3646 plus
510 3568 697 3648 percipiant,
722 3567 763 3630 ad
788 3587 921 3648 presens
946 3568 1109 3649 paululum
1135 3571 1319 3632 necessitati
1343 3589 1400 3632 sue
1424 3569 1593 3633 detrahere
1616 3569 1803 3642 voluerunt,
1828 3579 1861 3631 et
1885 3567 1971 3649 quod

423 3694 507 3737 nunc
532 3685 668 3756 urgente
693 3695 820 3756 magna,
845 3687 880 3738 ut
903 3675 1070 3757 prefertur,
1095 3678 1287 3738 necessitate
1304 3675 1408 3740 lacere
1423 3687 1592 3758 coguntur,
1617 3676 1828 3747 obtestantur,
1854 3695 1894 3737 ne
1910 3674 1973 3736 levi

419 3791 608 3862 emergente
631 3801 726 3844 causa
752 3781 792 3843 ad
817 3781 930 3845 similia
954 3793 1165 3864 presumatur,
1196 3803 1268 3844 curn
1292 3784 1323 3845 id
1347 3784 1388 3846 ad
1412 3783 1598 3864 exemplum
1630 3783 1763 3846 faciliter
1793 3782 1876 3846 trahi
1907 3801 1971 3844 non

420 3887 553 3962 debeat,
578 3889 666 3969 quod
690 3889 814 3970 absque
838 3889 992 3952 scandalo
1016 3891 1128 3953 evitari
1154 3911 1218 3952 non
1243 3891 1350 3972 potuit
1374 3911 1434 3972 pro
1459 3902 1559 3962 tant0,
1585 3901 1620 3954 ut
1643 3890 1728 3953 istud
1751 3889 1972 3952 molendinum

419 3996 607 4058 terminetur
632 3996 809 4076 inceptum,
843 4017 885 4059 ex
909 4017 974 4078 quo
999 3999 1134 4078 pecunie
1166 3997 1232 4060 fisci
1265 3999 1396 4070 desunt,
1430 4018 1563 4060 necesse
1587 3997 1837 4080 confugiendum
1861 3996 1972 4060 luisset

418 4103 459 4164 ad
482 4103 674 4176 creditores,
706 4104 765 4166 nisi
798 4123 858 4185 pro
882 4125 922 4168 eo
947 4115 1094 4185 ternpore
1127 4107 1263 4186 pecunia
1294 4105 1455 4187 capitalis,
1489 4127 1550 4186 que
1582 4107 1613 4167 in
1645 4105 1709 4166 virn
1740 4103 1972 4186 recempcionis

416 4209 474 4272 fuit
499 4209 621 4291 pridem
647 4221 790 4292 recepta,
815 4211 927 4275 luisset
947 4215 1107 4294 reposita,
1133 4233 1230 4294 qnam
1254 4214 1295 4275 ad
1320 4214 1351 4276 id
1376 4233 1459 4294 opus
1483 4211 1622 4276 dandam
1647 4211 1865 4275 decreverunt.

547 4349 634 4417 618.
661 4351 725 4434 (Ill.
756 4353 838 4434 132).
863 4353 944 4416 Item
969 4355 1192 4429 decreverunt,
1217 4357 1317 4437 quod,
1342 4355 1418 4418 dum
1442 4375 1575 4418 necesse
1599 4353 1706 4426 luerit,
1731 4354 1886 4416 mandent
1909 4355 1972 4430 dni,

418 4461 472 4540 qui
495 4461 588 4523 villas
617 4461 875 4541 prestimoniales
908 4463 1073 4537 obtinent,
1107 4473 1142 4526 ut
1174 4463 1215 4525 ad
1245 4463 1455 4526 laborandum
1487 4463 1626 4525 vicissim
1657 4461 1800 4534 veniant,
1833 4461 1974 4524 maxime

418 4568 460 4628 ad
483 4567 770 4648 impercussionem
803 4569 968 4650 palorum,
1001 4571 1146 4652 ipsorum
1175 4571 1347 4634 kmetones
1379 4581 1411 4633 et
1440 4571 1481 4632 ad
1513 4569 1594 4631 alios
1624 4567 1764 4640 labores,
1797 4570 1850 4649 qui
1879 4580 1973 4632 erunt

420 4676 605 4748 necessarii,
635 4687 734 4738 uteo
759 4678 863 4739 miuus
888 4677 928 4739 de
953 4679 1089 4758 pecunia
1114 4687 1313 4759 exponatur,
1346 4678 1429 4740 dnus
1460 4675 1666 4758 Rogalinslry
1690 4675 1873 4757 providebit
1894 4675 1973 4756 ipsis

420 4783 461 4844 de
486 4785 688 4864 competenti
712 4803 871 4865 expensa,
896 4785 972 4846 dum
996 4785 1202 4848 laborabitar.

634 4975 676 5040 A.
708 4991 805 5056 1472,
832 4978 938 5040 Martii
965 4977 1054 5056 312),
1079 4977 1110 5040 in
1137 4977 1290 5059 capitulo.

530 5116 617 5184 619.
642 5120 706 5200 (111.
736 5121 820 5202 132⁰)
835 5169 863 5183 ..
891 5119 1125 5194 Cancellarius,
1150 5121 1365 5202 Rogalinsky,
1391 5119 1529 5194 Costen,
1554 5119 1685 5191 Hector,
1703 5117 1973 5201 Gylowyeczsky,

419 5227 600 5290 Stanislaus
624 5226 834 5309 Smygelsky,
859 5229 1063 5310 Rogowslry,
1097 5227 1304 5308 Rambinsky
1328 5227 1565 5308 deputaverunt
1589 5226 1630 5288 ad
1653 5227 1845 5288 sinodum
1877 5225 1974 5288 Lan-

421 5407 649 5414 ———-—--—--——·-

530 5525 547 5592 ¹)
568 5527 636 5576 Data
651 5544 672 5574 w
686 5526 830 5591 oryginale:
848 5526 913 5574 »Die
927 5525 1027 5574 Saturni
1042 5527 1149 5591 septima
1162 5526 1307 5574 Februariir
1323 5526 1364 5573 nie
1377 5524 1541 5589 uwzglednia,
1555 5523 1583 5572 11
1596 5524 1642 5572 1011
1659 5535 1722 5588 1471
1734 5526 1782 5588 jest
1793 5535 1973 5590 praestepnyrn.

530 5615 549 5684 Ξ)
570 5617 638 5664 Data
658 5633 680 5664 w
701 5615 848 5682 oryginale:
871 5615 937 5665 »Die
957 5615 1047 5664 Martis
1066 5616 1147 5680 prima
1166 5615 1286 5682 Aprilis«,
1305 5616 1353 5681 jest
1372 5614 1467 5680 blednq
1486 5629 1512 5663 ze
1532 5614 1645 5680 wzgledu
1663 5614 1762 5666 1111011
1786 5625 1856 5678 1472.
