4416 6366
800 587 984 640 auuoauu
1005 585 1188 641 ress-rasa.
1726 608 1784 674 157

1247 683 1333 690 ..—
1353 683 1784 692 *affl-..—

224 817 399 895 Czaczsky,
418 817 529 879 Petrus
548 817 775 898 Rambynslry,
793 818 950 881 Martinus
967 820 1044 902 Slap
1062 820 1102 881 de
1121 819 1331 894 Dambrowa,
1358 821 1510 886 Andreas
1528 822 1783 903 Cayeszyclshy,

227 924 425 987 Laurencius
462 925 703 1008 Grodzyczsky,
739 926 892 988 Andreas
928 925 1184 1008 Goluchowsky,
1224 929 1282 990 lob
1318 929 1597 1010 Rosehlrowslry,¹
1622 928 1783 992 lohannes

226 1031 514 1112 lirzosthlrowslry,
548 1031 708 1096 Iohannes
737 1032 870 1114 Gorslry
899 1045 931 1096 et
964 1034 1124 1098 lohannes
1156 1036 1357 1116 Ryssynsuy
1390 1037 1505 1116 prelati
1538 1049 1570 1098 et
1595 1038 1784 1100 canonici..

226 1159 332 1200 vener.
357 1139 440 1201 dnos
465 1139 633 1202 Andream
656 1139 876 1221 Czeszyelslry
901 1151 934 1204 et
958 1141 1172 1204 Laurencium
1205 1141 1439 1224 Grodzyczsky
1473 1145 1647 1206 canonicos
1681 1143 1782 1207 ituros

227 1247 267 1307 ad
293 1247 499 1326 magnificum
524 1246 622 1308 dnum
648 1247 903 1310 Iohannem
931 1248 982 1310 de
1007 1247 1243 1312 Ostrorolr
1267 1250 1478 1312 castellanum
1497 1250 1634 1312 Poznan.
1653 1252 1785 1331 etcapi·

228 1363 358 1414 taneum
383 1351 514 1416 Maioris
544 1354 677 1416 Polonie
709 1355 893 1436 generalem
925 1355 966 1417 ad
996 1356 1234 1436 acceptandum
1267 1357 1506 1419 confessionem
1541 1357 1678 1418 dnorum
1711 1377 1783 1438 pro·

228 1461 370 1522 consulis
394 1471 428 1523 et
452 1461 620 1522 consulum
646 1463 786 1526 civitatis
809 1461 947 1525 Poznan.
972 1483 1082 1524 coram
1115 1464 1180 1525 dno
1204 1465 1375 1544 capitaneo
1409 1463 1505 1526 hodie
1539 1475 1615 1544 post
1647 1465 1780 1545 prandia

227 1566 426 1639 faciendum,
455 1569 543 1648 quod
575 1569 651 1632 dicti
683 1569 737 1632 dni
762 1569 936 1651 proconsul
961 1581 993 1632 ct
1018 1571 1169 1632 consules
1193 1591 1231 1631 ac
1256 1565 1471 1632 communitas
1497 1591 1560 1632 non
1586 1572 1718 1652 propria
1742 1583 1785 1634 te·

227 1675 373 1736 merilate
398 1675 540 1755 ipsorum
566 1675 623 1738 sed
648 1676 689 1738 de
713 1677 844 1758 speciali
868 1687 902 1739 et
926 1697 1084 1758 expresso
1110 1678 1240 1759 capituli
1265 1697 1425 1740 consensu
1450 1689 1483 1738 et
1505 1677 1673 1740 voluntate
1691 1677 1783 1758 palos

226 1782 413 1863 percuciunt
438 1803 497 1863 pro
522 1784 775 1846 conservacione
800 1785 909 1864 pontis
934 1785 1043 1864 magni
1068 1786 1098 1844 in
1125 1784 1221 1846 fluvio
1246 1795 1279 1846 et
1303 1795 1396 1867 parte
1412 1785 1553 1866 capituli,
1573 1786 1780 1866 deputarunt.

440 1975 485 2038 A.
514 1977 611 2054 1496,
638 1977 742 2040 Martii
770 1993 828 2052 22,
852 1978 883 2038 in
909 1978 1059 2058 capitulo.

334 2115 421 2182 854.
456 2119 509 2200 (V.
540 2121 652 2194 106l..
689 2121 807 2184 Vener.
834 2121 888 2182 dni
910 2121 1063 2182 Nicolaus
1088 2120 1266 2200 Cothwycz
1290 2120 1549 2194 archidiaconus,
1583 2120 1783 2182 Anshehnus

226 2237 349 2300 cantor,
373 2225 527 2289 Nicolaus
551 2228 591 2289 de
615 2227 733 2290 Scudla
757 2229 1001 2290 archidiaconus
1027 2227 1243 2296 Srzemensis,
1269 2227 1420 2290 Andreas
1435 2229 1663 2308 Rogalynshy,
1689 2227 1782 2289 Nico-

227 2333 296 2394 laus
325 2333 500 2413 Czaczslry,
533 2333 646 2397 Petrus
679 2335 907 2415 Rambynslry,
940 2333 1032 2416 Slap,
1065 2334 1316 2416 Cayeszyelsky‚
1349 2333 1591 2416 Gmdzycmhy,
1622 2335 1784 2398 Iohannes

226 2439 509 2521 Brzosthcowsky,
542 2441 704 2504 lohannes
737 2441 869 2522 Gorshy
902 2454 934 2504 et
968 2441 1154 2522 Stephanus
1189 2441 1389 2523 Ryssynslry
1423 2443 1537 2524 prelati
1573 2452 1605 2504 et
1638 2443 1784 2504 canonici

226 2546 361 2610 ecclesie
386 2548 526 2610 Poznan.
550 2550 590 2610 ad
615 2569 731 2612 sonum
757 2569 915 2629 campane
938 2549 1158 2631 capitulariter
1173 2550 1366 2630 congregati
1383 2550 1501 2612 auditis
1517 2549 1656 2611 dnorum
1673 2549 1783 2610 lohan-

226 2655 275 2715 nis
299 2655 340 2716 de
363 2653 557 2738 Grodzysko
581 2657 768 2719 vicedecani
792 2667 825 2719 et
849 2657 985 2718 aliorum
1010 2656 1146 2718 dnorurn
1164 2658 1353 2730 vicariorum
1372 2657 1508 2718 ecclesie
1526 2655 1665 2718 Poznan.
1683 2655 1783 2718 multi-

226 2761 362 2842 plicibus
386 2763 525 2844 querelis
548 2762 588 2825 de
609 2764 763 2846 gravibus
780 2775 812 2826 et
830 2763 1085 2826 intolerabilibus
1102 2765 1269 2846 dampnis,
1294 2784 1359 2846 que
1384 2765 1414 2825 in
1431 2765 1597 2826 excisione
1623 2764 1781 2844 lignorum

226 2879 260 2930 et
283 2870 387 2932 rubeti
411 2870 442 2932 in
467 2871 618 2952 indagine
642 2873 786 2953 ipsorum
811 2871 842 2932 in
867 2868 1041 2952 Gorcayno
1074 2892 1132 2952 per
1161 2871 1356 2934 lnnethones
1387 2871 1565 2952 Unylrowo
1596 2883 1629 2933 et
1657 2870 1783 2948 Pabya-

226 2996 322 3038 nowo
346 2977 466 3038 dudum
490 2989 525 3040 et
548 2998 634 3040 nunc
659 2999 717 3060 per
740 2978 908 3040 Andream
939 2979 1112 3040 scultetum
1145 2978 1223 3040 alias
1257 2977 1445 3060 Grzymala,
1479 2979 1633 3040 Iacobum
1667 2978 1782 3047 Baran,

225 3082 402 3146 Iohannem
417 3083 582 3148 Trzanska
596 3097 629 3147 et
644 3085 797 3147 iacobum
815 3083 1023 3166 Gyemyolka
1040 3097 1073 3148 et
1089 3086 1170 3147 alios
1187 3086 1382 3148 kmethones
1395 3086 1435 3148 de
1450 3086 1626 3167 Unyhowo
1640 3084 1783 3146 crebrius

226 3193 373 3272 perpessi
397 3201 487 3264 sunt,
511 3191 661 3255 volentes
686 3192 845 3254 dictorum
870 3193 1007 3254 dnorum
1026 3194 1215 3254 vicariorum
1234 3195 1304 3272 paci
1322 3204 1353 3256 et
1371 3193 1597 3273 indempnitati
1613 3190 1783 3253 consulere

225 3307 259 3360 et
282 3297 449 3360 audaciam
475 3299 626 3361 laicorum
652 3301 872 3381 predictorum
897 3301 1072 3381 reprimere
1105 3300 1318 3362 decreverunt
1349 3312 1381 3362 et
1415 3301 1662 3372 ordinaverunt,
1695 3295 1782 3378 quod

226 3403 301 3466 dicti
325 3403 379 3466 dni
403 3407 510 3468 vicarii
535 3407 575 3468 de
600 3407 693 3487 equis
717 3418 750 3469 et
774 3408 919 3468 curribus
943 3408 1102 3468 dictorum
1128 3408 1280 3469 laicomm
1306 3420 1338 3469 et
1365 3410 1505 3469 maxime
1537 3408 1613 3468 dicti
1647 3405 1781 3466 Andree

225 3511 370 3585 sculteti,
396 3513 449 3592 qui
473 3513 551 3575 alias
576 3533 635 3594 pro
659 3513 747 3577 dicto
772 3513 893 3575 Iacobo
917 3513 1037 3586 Baran,
1073 3526 1106 3576 et
1131 3517 1224 3594 cquis
1248 3517 1314 3576 suis
1338 3517 1485 3595 perprius
1508 3515 1548 3576 ad
1573 3511 1781 3576 statuendum

226 3638 328 3698 equos
353 3639 429 3681 suos
454 3619 663 3693 fideiusserat,
689 3631 721 3683 et
745 3621 867 3682 dictum
891 3621 1045 3682 Iacobum
1072 3641 1145 3683 cum
1170 3623 1260 3702 equis
1284 3624 1315 3683 in
1341 3622 1495 3684 similibus
1520 3619 1669 3700 dampnis
1693 3637 1782 3680 rece-

226 3735 357 3805 perant,
391 3747 474 3788 nunc
506 3728 646 3808 receptis
678 3737 710 3789 et
742 3727 773 3788 in
805 3727 946 3789 futurum
972 3729 1163 3808 recipiendis
1189 3728 1261 3789 loco
1286 3729 1542 3808 recuperacionis
1566 3727 1781 3806 dampnorum

224 3831 357 3893 liberam
382 3833 523 3896 habeant
547 3834 797 3915 disposicionem
823 3856 883 3915 pro
907 3835 1038 3898 arbitrio
1063 3837 1206 3915 ipsorum
1222 3837 1356 3908 tociens,
1381 3837 1535 3916 quociens
1552 3834 1611 3914 ipsi
1630 3831 1782 3892 kmetho-

226 3959 284 4002 nes
308 3942 339 4001 in
364 3940 512 4021 dampnis
537 3943 654 4021 reperti
682 3940 811 4020 fuerint;
844 3953 876 4004 et
902 3943 989 4024 quod
1014 3943 1096 4004 dnus
1124 3942 1273 4004 Andreas
1298 3942 1518 4024 Rogalynsky
1548 3940 1723 4002 canonicus
1748 3947 1781 3998 ct

225 4049 400 4110 modernus
424 4069 541 4129 regens
564 4049 721 4112 dictarum
748 4049 893 4110 villarum
920 4049 1098 4129 Unyhowo
1124 4063 1156 4110 et
1180 4049 1389 4130 Pabyanowo
1406 4071 1424 4110 a
1441 4048 1587 4129 quolibet
1603 4045 1781 4107 kmethone

225 4154 367 4235 dampna
391 4155 462 4234 ipsa
486 4155 641 4218 inserente
665 4157 794 4218 racione
819 4177 902 4236 pene
928 4169 960 4218 et
986 4157 1106 4218 mulcte
1131 4157 1265 4230 tociens,
1290 4158 1444 4236 quociens
1469 4155 1582 4216 eadem
1607 4151 1779 4224 intulerint,

225 4281 321 4322 unam
347 4281 546 4342 sexagenam
572 4265 708 4342 pecunie
733 4264 992 4326 irremissibiliter
1017 4274 1214 4344 extorquere
1239 4273 1272 4324 et
1297 4264 1429 4344 exigere
1455 4271 1612 4323 teneatur.

439 4418 481 4482 A.
512 4422 611 4498 1496,
636 4421 710 4482 Maii
742 4438 794 4494 11,
821 4422 851 4482 in
877 4421 1028 4502 capitulo.

334 4559 422 4626 855.
460 4563 512 4642 (V.
542 4563 637 4642 108⁰).
673 4563 794 4626 lbidem
825 4585 939 4626 omnes
964 4576 995 4626 et
1020 4565 1135 4645 singuli
1160 4564 1229 4626 laici
1254 4564 1294 4626 de
1318 4563 1438 4625 Zavadi
1463 4564 1629 4643 pecierunt
1653 4557 1779 4620 veniam

224 4669 312 4750 apud
336 4667 418 4731 dnos
442 4690 539 4751 super
563 4669 787 4732 inobediencia
811 4685 843 4733 et
869 4671 980 4733 labore
1005 4674 1114 4752 pontis
1146 4673 1224 4752 ipsis
1255 4671 1327 4733 dnis
1351 4671 1445 4742 lacta,
1479 4669 1707 4750 promittentes
1740 4664 1780 4723 in·

225 4796 323 4858 super
358 4776 429 4838 dnis
460 4777 525 4839 suis
562 4777 754 4840 obedientes
794 4777 867 4839 lieri.
916 4777 958 4840 Et
990 4778 1044 4838 dni
1078 4779 1226 4840 videntes
1262 4781 1405 4856 ipsorum
1440 4777 1591 4838 laicorum
1627 4771 1778 4834 humilem

224 4883 422 4964 peticionem
446 4883 524 4965 ipsis
547 4885 650 4964 ipsam
675 4885 933 4946 inobedienciam
959 4898 991 4946 ct
1016 4885 1312 4946 contradictionem
1336 4905 1395 4966 pro
1420 4885 1479 4945 hac
1503 4884 1574 4944 vice
1591 4865 1780 4942 dimiserunt

223 4990 265 5051 de
288 4991 397 5070 gracia
428 4989 717 5072 decreveruntque,
751 4991 839 5072 quod
873 4993 932 5071 ipsi
966 4991 1036 5052 laici
1065 4992 1131 5052 dno
1157 4993 1356 5070 procuratori
1382 5003 1458 5053 octo
1482 5009 1616 5072 grossos
1640 4988 1779 5058 solvant,

224 5118 307 5178 quos
324 5097 409 5160 circa
426 5097 570 5160 laborem
588 5099 697 5178 pontis
711 5099 780 5160 aliis
795 5099 1035 5161 laboratoribus
1053 5101 1214 5179 exposuit,
1232 5099 1360 5161 solvant
1378 5109 1411 5160 et
1428 5098 1599 5159 restituant
1613 5097 1780 5158 viceversa

438 5255 480 5318 A.
511 5257 609 5334 1496,
633 5255 710 5318 Maii
735 5273 785 5328 20,
809 5259 840 5319 in
865 5257 1017 5338 capitulo.

334 5393 423 5462 856.
460 5398 513 5478 (V.
543 5399 636 5480 109⁰).
672 5399 795 5460 Ibidem
828 5399 883 5461 dni
915 5419 1031 5462 omnes
1061 5411 1094 5462 et
1126 5401 1272 5482 singulos
1304 5401 1403 5462 laicos
1427 5399 1467 5460 de
1491 5397 1620 5460 Zawadi
1645 5405 1780 5477 propter

224 5505 369 5584 ipsorum
393 5504 649 5568 inobedienciam
676 5517 708 5568 et
732 5505 942 5568 rebellionem
968 5508 1008 5568 ad
1033 5527 1180 5569 carceres
1212 5511 1312 5570 ituros
1337 5507 1574 5590 deputaverunt
1606 5525 1708 5588 usque
1738 5504 1778 5564 ad

223 5613 425 5676 voluntatem
450 5611 587 5676 dnorum
611 5614 789 5696 sedereque
813 5615 933 5676 ibidem
957 5626 1143 5701 coegerunt,
