4390 6368
441 574 502 634 208
942 573 1037 624 acra
1056 573 1218 626 euerritur
1238 570 1496 626 eozuauiausrs

435 805 548 847 mense
572 787 779 866 episcopatus
806 786 943 847 Poznan.
969 799 1001 848 et
1027 787 1143 848 ducum
1169 788 1314 850 Maaovie
1339 811 1376 850 ac
1400 801 1564 852 certorum
1589 789 1743 853 nobilium
1759 792 1922 854 vicinitate
1938 792 1991 853 ad-

438 893 616 962 iacentium.
642 913 768 954 necnon
793 892 833 953 ad
858 893 1068 954 revidendum
1093 914 1191 975 agros
1216 895 1377 957 novalium
1410 908 1443 958 ct
1476 897 1622 960 desectus
1659 897 1866 960 ecclesiarum
1900 919 1994 979 paro-

436 999 583 1060 chialium
608 1001 638 1060 in
663 1000 778 1061 eodem
803 1000 920 1062 ducatu
947 1001 1092 1062 Mazovie
1117 1011 1149 1062 et
1173 1003 1254 1063 dioc.
1279 1003 1418 1064 Poznan.
1443 1024 1480 1064 ac
1504 1003 1545 1064 ad
1574 1005 1838 1086 componendum
1862 1015 1992 1067 contro·

436 1107 558 1168 versias
582 1127 679 1186 super
704 1108 781 1187 ipsis
816 1108 1017 1168 decimis
1052 1108 1294 1170 novalium
1330 1119 1396 1172 tam
1420 1111 1460 1172 ad
1486 1131 1630 1174 mensem
1655 1112 1875 1193 episcopalem
1899 1131 1995 1192 quam

436 1214 645 1294 capitularem
681 1215 817 1276 ecclesie
854 1213 990 1275 Poznan.
1025 1227 1058 1278 et
1094 1215 1264 1279 ecelesiam
1302 1217 1522 1298 parochialem
1559 1219 1590 1280 in
1623 1219 1812 1282 Msczonow
1846 1229 1995 1300 spectan-

438 1321 524 1384 tibus
549 1369 578 1382 ..

651 1548 694 1610 A.
726 1564 823 1628 1517,
848 1549 920 1610 lulii
945 1551 982 1620 8,
1008 1549 1038 1610 in
1064 1550 1206 1630 capitulo
1230 1552 1384 1632 generali.

551 1687 790 1771 1066111111.
817 1691 895 1772 54⁰).
921 1689 1047 1753 Ibidem
1073 1692 1176 1754 Rmus
1200 1693 1284 1754 dnus
1310 1693 1399 1773 Epus
1422 1742 1448 1755 ..
1473 1703 1663 1758 statuta
1698 1695 1912 1758 ecclesie
1937 1717 1995 1776 per

438 1797 582 1878 prefatos
606 1800 688 1860 dnos
714 1800 855 1878 prelatos
880 1810 912 1866 et
937 1801 1112 1860 canonicos
1137 1821 1178 1860 ex
1197 1801 1338 1862 metricis
1354 1802 1485 1880 capituli
1502 1823 1616 1882 sparse
1633 1813 1665 1865 et
1683 1801 1786 1865 difuse
1810 1805 1994 1884 conscripta

438 1906 469 1966 in
493 1925 590 1966 unum
614 1905 765 1966 volumen
791 1905 930 1968 collecta
954 1917 986 1968 et
1011 1909 1042 1968 in
1066 1907 1225 1987 aliquibus
1251 1909 1424 1970 emendata
1448 1920 1482 1971 et
1499 1909 1667 1974 moderata
1684 1911 1714 1970 in
1734 1911 1883 1972 omnibus
1901 1931 1994 1990 punc·

436 2015 478 2075 tis
503 2023 536 2075 ct
560 2013 709 2074 clausulis
733 2015 821 2076 iuxta
845 2015 1078 2076 continentiam
1102 2035 1214 2076 eorum
1238 2014 1440 2078 confirmavit
1465 2027 1498 2078 et
1523 2017 1759 2098 approbavit..

651 2261 692 2324 A.
722 2274 812 2340 1517,
838 2258 908 2322 Iulii
938 2275 983 2339 17,
1008 2262 1039 2321 in
1064 2259 1208 2340 capitulo
1231 2261 1385 2340 generali.

549 2417 656 2485 1666.
681 2419 788 2502 (Vlll.
815 2421 873 2502 56).
899 2419 1023 2481 lbidem
1049 2418 1127 2502 [dni]
1150 2419 1363 2483 decreverunt
1388 2419 1472 2483 Vlll
1498 2441 1622 2482 marcas
1646 2421 1770 2483 dandas
1786 2421 1853 2484 dno
1869 2422 1992 2484 decano

436 2530 560 2592 ratione
585 2530 634 2590 vie
658 2529 698 2590 ad
723 2550 773 2588 co
787 2549 807 2589 n
820 2527 1049 2590 ventione
1065 2547 1095 2587 m
1121 2527 1414 2606 Pyotrkoviensem
1439 2548 1497 2608 per
1521 2549 1594 2590 eum
1612 2528 1710 2602 lacte,
1736 2530 1810 2610 quia
1834 2530 1865 2590 in
1881 2530 1993 2590 eadem

437 2657 539 2717 equus
564 2636 624 2698 sibi
648 2635 871 2699 damnificatus
896 2646 955 2696 est.

654 2883 695 2946 A.
726 2899 815 2964 1517,
839 2884 1036 2946 Novembris
1063 2899 1102 2962 27
1120 2883 1155 2964 ¹),
1180 2887 1210 2946 in
1236 2884 1380 2964 capitulo
1403 2884 1553 2966 generali.

550 3022 658 3090 1667.
694 3025 798 3107 (VIII.
823 3028 923 3106 70)..
948 3025 987 3090 In
1020 3027 1105 3088 curia
1141 3027 1262 3088 Rmi..
1287 3027 1340 3088 dni
1378 3027 1531 3090 Iohannis
1566 3027 1626 3108 Epi
1663 3027 1801 3088 Poznan.
1836 3026 1868 3087 in
1900 3025 1994 3087 stuba

436 3154 554 3216 magna
589 3134 745 3214 superiori
781 3155 893 3195 versus
930 3133 1094 3194 meridiem
1130 3133 1233 3196 Rmus
1269 3134 1351 3196 dnus
1387 3134 1477 3216 Epus
1506 3154 1669 3196 ..amore
1705 3135 1890 3196 devotionis
1925 3153 1989 3204 sue,

436 3261 532 3322 quam
556 3241 596 3302 ad
621 3260 775 3319 sponsam
811 3261 900 3302 suam
937 3241 1110 3302 ecclesiam
1146 3239 1284 3302 Poznan.
1309 3241 1418 3314 habet,
1454 3241 1588 3304 donavit
1614 3261 1674 3322 pro
1700 3241 1877 3321 operiendo
1903 3251 1991 3301 tecto

436 3347 579 3410 ciusdem
605 3347 742 3408 ecclesie
765 3367 819 3409 ere
844 3347 962 3410 XXVI
987 3369 1111 3428 cuppas
1144 3369 1279 3429 magnas
1304 3359 1478 3428 argenteas
1503 3349 1674 3410 deauratas
1698 3349 1851 3428 ponderis
1876 3345 1993 3410 CCLV

436 3474 613 3516 marcarum
638 3463 671 3515 et
696 3453 761 3516 Vll
787 3475 860 3516 cum
886 3455 993 3516 medio
1018 3467 1184 3517 scotorum
1209 3457 1336 3536 argenti
1362 3457 1588 3524 existentium,
1615 3475 1707 3517 usum
1734 3455 1909 3517 earundem
1935 3473 1992 3534 pro

437 3582 577 3642 persona
600 3581 657 3622 sua
681 3560 722 3622 ad
745 3563 843 3623 vitam
868 3583 960 3624 suam
986 3562 1233 3624 reservando..

652 3808 693 3872 A.
724 3811 821 3888 1518,
845 3807 927 3871 Iunii
951 3825 980 3888 7,
1008 3811 1040 3870 in
1064 3807 1217 3890 capitulo

549 3949 874 4034 1068.(ν111.8ι).
911 3951 1035 4014 ibidem
1061 3951 1138 4034 [dni]
1172 3951 1403 4022 decreverunt,
1442 3963 1475 4013 ut
1499 3953 1589 4013 iuxta
1614 3960 1770 4014 statutum
1795 3970 1904 4012 vener.
1928 3947 1993 4011 dno

437 4057 571 4120 Iohanni
595 4059 777 4137 Lanczsky‚
803 4069 979 4140 postquam
1004 4079 1039 4120 se
1062 4058 1173 4120 docuit
1198 4080 1256 4140 per
1281 4059 1403 4121 litteras
1440 4057 1719 4139 significatoriales
1753 4059 1890 4118 rectoris
1916 4055 1993 4118 Uni·

437 4167 598 4228 versitatis
622 4167 662 4227 ad
697 4165 889 4228 studium
925 4166 1132 4246 generale
1169 4165 1442 4227 Bononiense
1475 4166 1515 4228 de
1539 4186 1626 4228 anno
1651 4165 1715 4226 Dni
1740 4163 1907 4235 MDXVI,
1932 4161 1993 4224 Xll

437 4275 511 4334 Maii
538 4273 706 4335 advenisse
731 4281 764 4334 et
788 4271 848 4333 illic
873 4271 935 4334 hoc
960 4273 1064 4353 ipsum
1091 4273 1230 4335 studium
1257 4271 1503 4356 [continuasse],
1539 4293 1557 4334 a
1581 4281 1728 4354 tempore
1760 4273 1924 4352 ingressus
1953 4269 1993 4332 ad

437 4381 558 4442 dictum
582 4379 721 4442 studium
748 4377 947 4461 [subsidium]
972 4378 1065 4442 detur
1089 4391 1122 4442 et
1146 4381 1292 4442 solvatur
1316 4379 1467 4442 totaliter.

650 4627 692 4690 A.
723 4629 817 4707 1518,
842 4625 909 4687 Iulii
936 4629 973 4698 8,
998 4626 1028 4687 in
1054 4627 1200 4707 capitulo
1225 4627 1377 4708 generali.

548 4765 657 4834 1669.
682 4767 779 4850 (Vlll.
804 4769 864 4850 84).
889 4767 1013 4830 lbidem
1037 4789 1145 4834 vener.
1170 4769 1252 4831 dnus
1276 4768 1428 4832 Andreas
1452 4765 1671 4848 Grodziczsky
1695 4765 1810 4828 doctor
1834 4763 1990 4826 medicine

437 4879 611 4939 canonicus
635 4876 773 4937 Poznan.
799 4885 955 4938 executor
979 4877 1056 4937 olim
1080 4875 1134 4937 dni
1157 4875 1281 4938 illatbie
1305 4875 1527 4955 Grodziczslry
1558 4873 1705 4935 canonici
1727 4871 1866 4934 Poznan.
1891 4869 1993 4952 patrui

436 4986 484 5048 sui
520 4984 720 5064 presentavit
754 5003 864 5044 coram
900 4981 971 5045 dnis
1014 4985 1279 5064 ymaginem
1316 4992 1593 5063 argenteam
1631 5001 1656 5042 s
1693 4978 1815 5042 Mathie
1851 4975 1992 5060 apostoli

434 5095 523 5154 iuxta
546 5091 749 5153 voluntatem
774 5091 918 5152 ciusdem
935 5090 989 5151 dni
1012 5088 1135 5151 Mathie
1161 5089 1383 5168 Grodziczsky
1408 5086 1677 5152 testamentalitcr
1701 5085 1835 5159 laetam,
1861 5084 1993 5166 disposi-

435 5210 510 5270 tam,
534 5199 675 5280 quinque
699 5219 824 5260 marcas
845 5199 971 5279 argenti
995 5198 1026 5258 in
1051 5217 1085 5260 se
1110 5199 1345 5270 continentem,
1370 5195 1489 5258 valoris
1515 5195 1546 5256 in
1570 5205 1728 5256 totocum
1753 5194 1868 5255 labore
1893 5189 1991 5274 Lll¹ll2

435 5307 629 5369 florenorum
653 5315 685 5368 et
708 5305 832 5387 aliquot
855 5325 1052 5387 grossorum.

544 5603 562 5674 ¹)
582 5605 649 5652 Data
668 5621 691 5654 w
709 5603 852 5672 orygiuale:
875 5603 939 5651 »Die
959 5601 1066 5651 Veneris
1085 5615 1118 5652 22
1139 5601 1308 5652 Novembris«
1328 5603 1378 5668 jest
1398 5602 1490 5668 mylnq.

2152 1163 2154 1176 l

2152 1515 2154 1548 l

2153 1559 2154 1588 l
