4416 6366
814 598 995 650 ANNORUM
1016 597 1193 652 lidi-1492
1738 619 1747 663 1
1757 618 1772 682 5
1784 618 1792 663 1

593 692 790 699 -.—-—-.-.—.
1054 691 1350 698 -α-------
1694 692 1799 701 ’,-

239 811 434 893 infrascripti
457 813 585 876 suerunt
616 813 646 874 in
681 813 791 894 primis
823 815 981 894 vesperis:
1017 813 1127 875 Adam
1159 813 1200 876 de
1224 813 1421 874 Dambrowa
1445 814 1602 886 decanuS,
1634 813 1796 876 Iohannes

239 918 317 1000 Slap
341 929 464 993 cantor,
489 918 643 983 Nicolaus
667 921 707 983 de
731 920 849 983 Scudla
872 921 1116 983 archidiaconus
1139 919 1354 993 Srzemensis5
1385 921 1582 984 Vincencius
1614 920 1655 984 de
1679 920 1794 984 Straal-

239 1029 337 1089 kowo
360 1026 604 1090 archidiaconus
637 1028 854 1106 Pczewensis,
886 1027 1048 1091 lohannes
1078 1028 1119 1089 de
1151 1027 1300 1090 Lukowo
1323 1026 1545 1098 cancellarius.
1578 1027 1731 1091 Andreas
1755 1027 1796 1090 de

238 1134 426 1216 Rogalyno,
451 1134 576 1198 Hector
600 1135 640 1198 de
664 1135 865 1217 Cozymyno,
890 1119 1044 1198 Nicolaus
1067 1135 1108 1196 de
1132 1133 1248 1208 Czaca,
1272 1133 1467 1198 Wladislaus
1492 1135 1532 1197 de
1550 1133 1795 1208 Glamboczecz‚

240 1241 399 1305 Albertus
422 1242 463 1305 de
487 1241 590 1315 Gora,
614 1243 773 1306 Martinus
796 1243 837 1306 de
861 1242 1072 1316 Dambrowa,
1097 1241 1249 1306 Andreas
1273 1241 1314 1304 de
1331 1241 1544 1315 Goluchowo,
1569 1240 1815 1323 Sigismundus¹

240 1349 281 1412 de
304 1349 548 1430 Camyenyecz,
572 1349 725 1413 Andreas
749 1350 789 1412 de
814 1349 960 1424 Czessle‚
984 1349 1180 1413 Laurencius
1205 1350 1246 1412 dc
1271 1349 1475 1431 Grodzyslm,
1500 1350 1637 1412 Iacobus
1661 1349 1702 1412 de
1719 1347 1782 1412 Glu

240 1477 360 1538 pyewo
391 1467 425 1520 et
447 1456 609 1520 Iohannes
641 1458 682 1520 de
712 1457 949 1520 Brzosthkowo
980 1457 1096 1539 prelati
1129 1468 1162 1520 et
1193 1459 1339 1520 canonici
1371 1457 1507 1520 ecclesie
1531 1457 1797 1519 Poznaniensis..

240 1563 458 1645 capitulariter
481 1565 682 1646 congregati.

348 1703 436 1772 814.
473 1707 525 1788 (V.
552 1708 614 1789 27).
642 1706 766 1770 Ibidem
791 1707 845 1769 dni
868 1706 1107 1788 deputaverunt
1130 1707 1213 1770 dnos
1238 1707 1415 1769 Hectorem
1440 1716 1473 1769 et
1498 1704 1731 1786 Grodzyczslry
1756 1705 1797 1767 ad

241 1813 340 1876 dnum
364 1815 570 1895 capitaneum
594 1816 627 1876 in
651 1814 738 1877 sacto
762 1814 917 1896 oppidani
941 1814 981 1876 de
1004 1813 1234 1895 Walyschewo
1258 1834 1357 1895 super
1380 1813 1396 1875 s
1404 1833 1423 1875 a
1436 1812 1446 1874 l
1458 1833 1505 1875 sa
1529 1832 1561 1874 m
1574 1833 1594 1874 o
1609 1833 1628 1874 n
1642 1833 1660 1874 e
1673 1821 1687 1874 t
1699 1833 1727 1874 a.

454 2041 498 2104 A.
528 2058 627 2122 1492,
651 2042 720 2105 Iulii
745 2061 780 2123 3,
804 2043 836 2105 in
860 2043 1002 2125 capitulo
1026 2043 1176 2126 generali.

349 2183 436 2251 815.
461 2187 514 2267 (V.
539 2185 617 2266 27⁰).
641 2187 765 2249 Ibidem
790 2187 845 2248 dni
868 2185 1095 2258 decreverunt,
1119 2185 1207 2267 quod
1231 2185 1314 2248 dnus
1338 2193 1530 2266 procurator
1553 2185 1685 2265 capituli
1701 2184 1797 2248 iaciat

241 2293 443 2374 proclamare
476 2294 702 2356 vendicionem
734 2293 906 2357 advocacie
937 2295 969 2355 in
994 2293 1212 2356 Walischewo
1236 2301 1269 2355 et
1292 2294 1437 2374 assignet
1461 2295 1599 2372 primum
1623 2292 1796 2354 terminum

240 2399 391 2463 omnibus
423 2399 625 2464 debitoribus
655 2422 713 2464 sua
744 2402 901 2464 interesse
933 2401 1138 2484 putantibus,
1171 2410 1204 2464 et
1231 2403 1276 2463 ita
1300 2401 1467 2463 continuet
1490 2399 1570 2462 duas
1600 2401 1799 2481 septimanas

240 2527 344 2590 usque
368 2507 409 2570 ad
433 2509 567 2572 terciam
590 2509 705 2572 vicem.

454 2736 498 2801 A.
529 2755 627 2817 1492,
650 2737 720 2800 Iulii
749 2755 800 2812 11,
824 2739 855 2800 in
880 2737 1031 2820 capitulo.

348 2875 434 2944 816.
471 2879 522 2962 (V.
548 2879 608 2962 29).
641 2879 764 2943 Ibidem
796 2880 850 2942 dni
875 2879 1103 2952 decreverunt,
1136 2879 1223 2961 quod
1247 2877 1442 2942 irmethones
1466 2877 1496 2940 in
1521 2877 1733 2958 Troyanowo
1758 2875 1798 2936 la·

239 2985 359 3050 borent
382 2996 507 3050 tantum
531 2987 597 3049 dno
621 2989 747 3070 regenti
769 2990 928 3068 presenti,
961 2999 1117 3070 quantum
1149 2997 1299 3068 tempore
1322 2987 1486 3069 regiminis
1510 2986 1564 3048 dni
1588 2982 1795 3066 Rogalinslcy

241 3093 390 3157 laborare
414 3105 669 3168 consueverunt,
694 3115 776 3178 quos
799 3095 870 3176 ipse
894 3095 977 3158 dnus
1000 3093 1207 3176 Rogalinsky
1231 3093 1426 3156 remunerari
1450 3093 1616 3155 debuerat.

455 3323 499 3388 A.
530 3341 627 3405 1492,
653 3323 808 3388 Octobris
833 3325 891 3406 2¹)
916 3325 948 3388 in
971 3325 1125 3406 capitulo.

348 3462 438 3531 817.
475 3467 530 3548 (V.
556 3469 620 3548 30).
656 3467 738 3530 Item
762 3468 877 3530 eadem
904 3467 956 3530 die
980 3465 1057 3552 [dni]
1082 3466 1320 3547 deputaverunt
1343 3465 1385 3526 ad
1409 3463 1508 3526 dnum
1533 3463 1738 3542 capitaneum
1763 3461 1794 3522 in

241 3583 383 3636 castrum
404 3575 436 3635 in
453 3573 539 3636 facto
563 3575 627 3637 sti
640 3595 662 3656 p
676 3597 693 3638 e
707 3576 758 3638 nd
772 3577 780 3637 i
793 3596 812 3637 a
824 3596 840 3637 r
852 3577 860 3637 i
873 3595 893 3636 o
906 3595 921 3638 r
935 3597 954 3637 u
968 3594 998 3636 m
1023 3594 1083 3655 pro
1100 3573 1265 3654 dampnis,
1290 3593 1354 3654 que
1374 3571 1550 3634 intulerunt
1565 3567 1798 3632 kmethonibus

241 3681 273 3743 in
296 3681 380 3744 villis
404 3681 545 3763 capituli.

454 3893 497 3958 A.
526 3910 625 3976 1492,
649 3895 846 3959 Novembris
874 3911 928 3968 12,
954 3895 987 3956 in
1011 3892 1154 3974 capitulo
1177 3893 1330 3976 generali.

348 4031 436 4101 818.
462 4037 514 4117 (V.
540 4037 600 4121 32).
624 4037 747 4100 Ibidem
771 4038 875 4100 Rmus
898 4037 981 4099 dnus
1004 4036 1096 4118 Epus
1120 4036 1161 4099 de
1183 4054 1346 4097 consensu
1370 4029 1501 4113 capituli
1523 4029 1652 4092 admisit
1675 4025 1796 4090 bullam

241 4145 519 4227 indulgenciarum
543 4148 575 4207 in
599 4145 742 4209 favorem
767 4145 954 4207 monasterii
977 4164 1002 4208 s.
1025 4141 1205 4205 Katherine
1228 4143 1260 4203 in
1284 4150 1397 4202 monte
1428 4139 1529 4218 Sinay
1558 4137 1667 4198 sitiet
1691 4154 1800 4214 perso·

242 4273 354 4316 narum
378 4253 601 4335 religiosarum
625 4251 748 4315 ordinis
771 4272 797 4315 s.
822 4250 930 4315 Basilii
953 4250 1072 4312 ibidem
1095 4250 1287 4332 degencium
1312 4244 1548 4327 exequendam.

455 4465 499 4529 A.
529 4481 628 4546 1492,
652 4464 849 4528 Novembris
874 4461 956 4545 271),
981 4464 1013 4524 in
1037 4460 1188 4543 capitulo.

349 4603 436 4672 819.
471 4606 526 4688 (V.
553 4607 614 4688 35).
650 4605 774 4670 Ibidem
805 4606 861 4668 dni
890 4605 1061 4686 providum
1093 4602 1263 4665 Nicolaum
1297 4598 1538 4663 ministerialem
1562 4596 1701 4658 Poznan.
1726 4613 1797 4674 pro-

242 4715 398 4778 miserunt
423 4714 573 4778 salariare
597 4735 660 4776 una
683 4733 849 4795 sexagena
881 4713 1017 4793 pecunie
1048 4731 1108 4792 pro
1140 4709 1286 4792 quolibet
1316 4708 1401 4770 sesto
1433 4703 1692 4767 Circumcisionis
1725 4699 1798 4770 Dal,

240 4825 369 4886 racione
393 4823 483 4884 cuius
506 4821 723 4885 salariacionis
744 4823 814 4903 ipse
837 4819 991 4883 Nicolaus
1016 4815 1231 4882 ministeriaIIs
1258 4816 1397 4878 Poznan.
1421 4815 1453 4875 in
1476 4810 1627 4874 omnibus
1651 4807 1796 4889 negociis

241 4941 275 4994 ct
299 4929 391 4992 iactis
415 4929 546 5010 capituli
569 4949 629 5011 pro
653 4939 802 5010 tempore
826 4937 860 4990 et
884 4927 915 4989 in
940 4926 1081 4989 futurum
1105 4924 1370 5006 contingentibus
1401 4921 1470 4984 sine
1501 4918 1566 4981 ulla
1588 4915 1796 4979 recusacione

240 5036 365 5118 absque
388 5035 498 5117 aliquo
521 5037 631 5118 precio
656 5035 809 5098 inservire
833 5043 952 5115 sponte
976 5033 1140 5114 promisit;
1173 5041 1206 5094 et
1230 5031 1257 5094 si
1279 5029 1393 5111 aliquis
1416 5027 1554 5089 duorum
1585 5024 1626 5086 de
1653 5020 1797 5103 capitulo

241 5163 315 5206 eum
340 5144 372 5206 in
396 5144 536 5225 negocio
560 5163 619 5206 suo
643 5152 699 5206 aut
721 5141 868 5205 villarum
892 5139 1024 5221 capituli
1054 5139 1234 5212 vocaverit,
1266 5137 1335 5200 sine
1360 5135 1425 5197 ulla
1448 5131 1709 5196 contradiccione
1733 5147 1798 5190 ser-

241 5250 309 5314 vire
333 5249 446 5327 debet,
471 5251 603 5332 proviso
627 5252 700 5334 ipso
724 5250 896 5314 dumtaxat
919 5248 1083 5328 expensis.

241 5428 295 5436 .-—-

350 5547 369 5617 ¹)
387 5550 456 5600 Data
475 5568 497 5599 w
516 5550 662 5617 oryginale:
683 5549 749 5599 »Die
769 5547 858 5598 Martis
877 5547 956 5597 tercia
974 5543 1111 5595 Octobris«
1130 5543 1180 5608 jest
1198 5541 1292 5608 mylua.

349 5636 369 5706 ¹)
389 5640 457 5690 Data
476 5657 499 5689 w
518 5639 662 5707 oryginale:
685 5639 750 5688 »Die
769 5637 858 5688 Martis
878 5635 996 5686 vicesima
1019 5635 1109 5684 bctava
1127 5631 1298 5682 Novembris«
1317 5629 1366 5694 jest
1384 5627 1478 5694 mylnq.
1529 5647 1533 5654 ·
