4416 6366
924 591 1014 643 ANNI
1034 589 1110 646 1499.
1360 587 1364 596 ⁸
1736 597 1793 677 167

238 681 1379 693 —m-—

234 803 416 886 Bogdanka
439 805 704 868 molendinatoris
728 805 866 869 Poznan.
891 817 1132 870 contractarum
1155 807 1301 870 relaxare
1325 807 1452 888 prelato
1483 809 1548 870 dno
1573 807 1700 870 officiali
1723 829 1791 870 con·

236 911 403 976 suluerunt
427 909 524 975 hodie
548 923 581 976 et
604 931 676 976 cras
698 913 740 976 ad
762 911 875 975 horam
899 931 1111 995 vesperorum
1132 915 1298 977 exclusive
1322 935 1361 976 ac
1384 914 1594 978 admiserunt.

449 1105 491 1168 A.
521 1124 617 1186 1499,
640 1106 709 1169 Iulii
734 1123 788 1181 21,
811 1109 842 1168 in
867 1106 1018 1188 capitulo.

343 1241 429 1310 902-
453 1247 507 1328 (V.
537 1247 609 1326 179)
624 1295 653 1310 ..
678 1247 714 1309 In
739 1249 824 1310 curia
849 1249 912 1310 Rdi
937 1250 1037 1330 patris
1062 1249 1115 1310 dni
1139 1249 1290 1312 Iohannis
1315 1249 1506 1331 Lukowsky
1524 1251 1637 1312 decani
1655 1247 1793 1314 Poznan.
1902 1285 1907 1296 ·

235 1354 319 1415 circa
343 1354 515 1416 eeclesiam
550 1353 689 1416 Poznan.
713 1357 773 1418 sita
808 1355 894 1418 idem
929 1357 1012 1418 dnus
1046 1355 1189 1418 decanus
1223 1356 1342 1438 aliique
1378 1357 1432 1418 dni
1466 1357 1617 1421 videlicet
1641 1357 1794 1432 officialis,

235 1458 395 1541 Czeppel,
431 1459 590 1524 Martinus
623 1461 838 1534 Dambrowa,
874 1461 1028 1525 Andreas
1066 1462 1318 1545 Czyessyelsky,
1355 1462 1549 1526 Laurentius
1585 1473 1619 1526 et
1655 1465 1795 1527 Mathias

235 1565 484 1649 Grodzyczsczy
508 1577 541 1631 et
565 1568 719 1631 Nicolaus
743 1567 854 1648 Susky
878 1569 992 1650 prelati
1017 1580 1050 1633 et
1073 1571 1221 1632 canonici
1255 1569 1390 1632 ecclesie
1414 1571 1552 1632 Poznan.
1576 1572 1796 1652 capitulariter

236 1678 428 1757 congregati
452 1675 492 1738 ad
517 1677 713 1756 peticionem
745 1675 873 1758 magnif.
898 1677 952 1738 dni
977 1677 1145 1739 Ambrosii
1182 1677 1403 1758 I’ampowslry
1438 1679 1570 1758 palatim
1605 1675 1798 1740 Siradiensis

236 1789 270 1846 et
292 1783 452 1862 capitanei
477 1783 607 1846 Maioris
643 1783 777 1845 Polonie
801 1783 962 1865 generalis
986 1805 1045 1864 per
1068 1783 1192 1846 litteras
1226 1804 1302 1846 suas
1326 1785 1405 1864 ipsis
1428 1785 1501 1847 dnis
1524 1785 1653 1848 oblatas
1677 1785 1796 1848 saetam

237 1898 373 1970 propter
395 1910 453 1952 sue
475 1889 721 1972 Magnificencie
745 1889 776 1952 in
802 1891 995 1952 Poznaniam
1027 1891 1203 1953 adventum
1228 1900 1261 1952 et
1284 1909 1343 1971 pro
1367 1891 1562 1954 deductione
1587 1891 1793 1954 solennitatis

238 1997 422 2077 nuptiarum
451 1996 633 2078 Bogdanka
656 1998 933 2059 interdictum
952 1999 1132 2078 predictum
1150 1999 1265 2060 iterum
1284 1997 1381 2060 hodie
1395 2007 1431 2059 et
1444 2017 1515 2060 cras
1527 2017 1586 2080 per
1598 2008 1703 2060 totum
1716 1999 1802 2060 diem

236 2102 391 2166 inclusive
414 2122 474 2184 per
496 2102 596 2166 dnum
620 2103 789 2166 officialem
815 2105 1025 2166 relaxandum
1049 2104 1264 2168 decreverunt
1289 2104 1518 2168 concluserunt
1542 2115 1575 2168 et
1591 2104 1797 2169 admiserunt.

450 2296 494 2360 A.
524 2314 623 2376 1499,
646 2297 715 2360 Iulii
740 2311 798 2372 22,
823 2299 855 2360 in
880 2299 1033 2383 capitulo.

343 2431 431 2502 903.
457 2437 508 2521 (V.
537 2439 648 2519 179)..
672 2435 707 2501 ln
732 2439 806 2502 loco
843 2439 1010 2522 capitulari
1046 2439 1099 2502 dni
1123 2439 1277 2512 officialis,
1312 2439 1472 2523 Czeppel,
1508 2439 1665 2504 Martinus
1700 2441 1797 2504 Dam-

236 2541 362 2617 browa,
398 2543 551 2608 Andreas
574 2545 821 2628 Czyessyelski‚
856 2542 1050 2612 Laurentius
1083 2545 1327 2628 Grodzyczsky.
1361 2545 1549 2629 Stephanus
1584 2547 1796 2630 Ryssynslry,
1834 2539 1836 2544 ’

235 2649 393 2714 Albertus
417 2649 651 2735 Pakoslawsky
675 2663 709 2715 et
733 2651 886 2716 Nicolaus
910 2653 1006 2717 Suski
1030 2655 1144 2736 prelati
1169 2663 1202 2717 et
1226 2645 1371 2716 canonici
1402 2653 1632 2718 Poznaniensis
1646 2705 1673 2718 ..
1697 2655 1796 2738 depu·

235 2769 385 2821 taverunt
410 2759 493 2822 dnos
517 2759 688 2822 Nicolaum
712 2759 833 2842 Caepel
857 2773 890 2823 et
915 2761 1125 2824 Laurentium
1151 2759 1386 2841 Grodzyczslry
1411 2761 1566 2824 doctores
1590 2763 1735 2844 equitare
1751 2763 1792 2824 ad

235 2875 376 2929 castrum
411 2865 548 2929 Poznan.
573 2869 613 2930 ad
638 2867 871 2930 conferendum
906 2887 980 2929 cum
1004 2865 1134 2950 magnif.
1159 2868 1225 2929 dno
1249 2866 1428 2930 Ambrosio
1465 2868 1675 2950 Pampowski
1699 2887 1797 2949 super

235 2971 436 3035 relaxatione
455 2967 639 3059 [interdicti]
666 2973 815 3055 predicti,
841 2973 929 3055 quod
953 2975 1050 3037 etiam
1074 2975 1210 3036 ecclesia
1234 2973 1376 3038 cathedr.
1401 2973 1538 3036 Poznan.
1563 2987 1679 3038 tenens
1696 2975 1791 3050 siluit,

235 3095 279 3141 ex
309 3079 425 3161 quibus
457 3081 647 3144 tractatibus
679 3099 752 3143 cum
776 3081 841 3143 dno
865 3083 1037 3162 capitaneo
1072 3079 1191 3143 habitis
1216 3079 1331 3161 prefati
1356 3082 1409 3143 dni
1433 3082 1524 3144 iuxta
1560 3086 1788 3162 persuasiones

234 3185 351 3249 Rmi..
375 3187 429 3248 dni
453 3187 605 3251 Iohannis
629 3189 659 3251 d.
685 3211 715 3270 g.
739 3187 802 3270 Epi
838 3189 975 3250 Poznan.
1012 3187 1144 3270 prefatis
1179 3189 1251 3250 dnis
1282 3209 1341 3270 per
1376 3189 1499 3251 litteras
1534 3209 1591 3252 sue
1615 3189 1700 3250 Rme
1725 3189 1792 3251 Ptis

235 3293 362 3357 oblatas
390 3294 493 3358 iactas
517 3307 752 3358 consenserunt
776 3305 809 3356 et
832 3293 1063 3357 consuluerunt
1098 3293 1224 3376 prelato
1249 3296 1314 3357 dno
1339 3293 1480 3369 officiali,
1516 3305 1551 3358 ut
1575 3296 1635 3358 sub
1659 3296 1793 3358 cautelis

235 3408 269 3462 et
292 3401 532 3464 conditionibus
565 3421 637 3463 cum
661 3403 727 3464 dno
752 3403 923 3484 capitaneo
947 3401 1107 3464 conclusis
1130 3400 1409 3465 interdictum
1443 3401 1627 3466 huiusmodi
1649 3403 1791 3476 tolleret,

235 3505 322 3589 quod
347 3507 416 3590 ipse
439 3507 521 3571 dnus
545 3505 688 3570 officialis
712 3505 843 3570 sustulit
867 3517 900 3572 et
924 3508 1068 3571 totaliter
1092 3507 1259 3572 relaxavit.

449 3700 491 3765 A.
520 3717 619 3782 1499,
643 3701 841 3765 Novembris
865 3717 922 3777 20,
947 3703 978 3764 in
1003 3700 1147 3784 capitulo
1169 3702 1322 3784 generali.

341 3837 430 3909 904.
464 3841 515 3926 (V.
552 3843 632 3925 182).
668 3841 871 3906 Constitucio
905 3845 1013 3906 vicarii
1049 3846 1080 3905 in
1117 3843 1344 3924 Spiritualibus
1379 3851 1412 3905 et
1447 3841 1592 3906 officialis
1627 3845 1788 3926 generalis

233 3943 372 4014 Poznan.
400 3986 440 3996 —-
464 3949 588 4013 Ibidem
612 3953 644 4012 in
667 3951 774 4013 medio
798 3949 928 4032 capituli
953 3950 1096 4031 prelatus
1120 3949 1224 4014 Rmus
1248 3949 1331 4013 dnus
1355 3949 1517 4013 Iohannes
1540 3951 1632 4031 Epus
1650 3949 1788 4015 Poznan.

234 4057 444 4121 exonerando
468 4079 487 4120 a
510 4079 586 4120 cura
621 4057 799 4121 officiorum
833 4077 965 4120 suorum
1000 4057 1150 4120 videlicet
1183 4057 1353 4120 vicariatus
1388 4069 1421 4121 et
1454 4055 1645 4122 officialatus
1680 4077 1789 4123 vener.

233 4166 333 4228 dnum
368 4165 539 4228 Nicolaum
574 4165 615 4228 de
650 4161 770 4227 Scudla
804 4164 1067 4227 archidiaconum
1102 4163 1343 4236 Srzemensem,
1388 4183 1450 4245 que
1485 4161 1643 4228 hactenus
1679 4167 1791 4247 gessit,

231 4289 341 4336 vener.
366 4272 450 4335 dnos
473 4271 652 4335 Iohannem
677 4274 717 4335 de
741 4271 889 4335 Lukowo
914 4273 1074 4334 decanum
1098 4272 1130 4334 in
1154 4272 1308 4334 vicarium
1332 4274 1364 4333 in
1388 4270 1615 4352 Spiritualibus
1639 4281 1673 4335 et
1697 4273 1791 4334 Nico·

232 4379 319 4442 laum
343 4379 384 4442 de
408 4377 565 4443 Cothvicz
587 4380 847 4443 archidiaconum
873 4381 904 4442 in
928 4377 1101 4442 officialem
1125 4380 1313 4461 generalem
1350 4378 1489 4441 Poznan.
1515 4377 1634 4441 ibidem
1659 4399 1790 4460 presen-

232 4495 283 4550 tes
307 4489 427 4550 creavit
451 4497 485 4550 et
500 4487 677 4561 constituit,
702 4485 928 4550 transferendo
952 4487 984 4547 in
1008 4487 1142 4548 eosdem
1167 4486 1250 4548 dnos
1274 4486 1426 4548 vicarium
1451 4493 1484 4548 et
1507 4485 1678 4548 officialem
1701 4505 1793 4549 suam

233 4592 471 4657 iurisdicionem
496 4595 721 4675 episcopalem
745 4595 936 4674 respective,
963 4602 1059 4673 prout
1083 4593 1181 4677 lacius
1205 4594 1238 4654 in
1262 4591 1377 4656 litteris
1400 4593 1636 4656 autenticorum
1661 4613 1792 4656 suorum

231 4701 461 4764 continebitur.
485 4701 610 4766 Ibidem
634 4703 731 4764 etiam
755 4701 842 4764 dicto
866 4699 933 4763 dno
964 4699 1101 4763 Nicolao
1134 4699 1253 4762 Scudla
1286 4717 1401 4762 omnes
1432 4699 1630 4763 donaciones
1665 4702 1788 4782 gracio

230 4825 285 4872 sas
309 4808 576 4890 predecessorum
592 4827 724 4872 suorum
746 4807 832 4870 idem
857 4807 940 4871 dnus
964 4806 1125 4871 Iohannes
1149 4807 1240 4889 Epus
1265 4825 1338 4870 cum
1363 4807 1507 4887 capitulo
1530 4807 1732 4870 conlinnavit
1756 4819 1789 4871 et

231 4915 358 4978 litteras
382 4916 535 4980 decrevit.

341 5053 426 5123 905.
451 5059 502 5141 (V.
531 5058 624 5140 182⁰).
648 5057 857 5122 Statutum
881 5056 928 5118 de
954 5055 1172 5118 nobilibus
1197 5065 1230 5120 et
1254 5053 1443 5119 doctoribus
1458 5055 1500 5118 ad
1517 5057 1687 5120 ecclesiam
1712 5057 1788 5120 reci·

229 5165 368 5249 piendis.
392 5201 436 5211 -
459 5166 507 5230 Ut
530 5166 700 5247 privilegio
724 5164 859 5227 ecclesie
883 5161 1022 5225 Poznan.
1048 5163 1135 5244 quod
1159 5163 1317 5244 disponit,
1343 5175 1377 5226 ut
1400 5164 1442 5226 ad
1466 5164 1633 5226 ecclesiam
1650 5163 1789 5229 Poznan.

231 5275 263 5337 in
297 5273 441 5355 prelatos
465 5283 497 5336 et
520 5273 696 5336 canonicos
728 5272 854 5334 nonnisi
885 5270 1010 5333 nobiles
1034 5270 1085 5332 vel
1109 5271 1197 5332 docti
1220 5267 1279 5331 viri
1307 5269 1540 5353 [recipiantur],
1566 5289 1624 5351 per
1647 5271 1791 5334 cautelas

231 5381 376 5444 curiosas
400 5401 467 5442 non
490 5381 665 5461 derogetur
680 5381 775 5461 eique
790 5375 833 5441 ab
850 5387 984 5460 utraque
1001 5386 1093 5458 parte
1110 5397 1177 5439 non
1193 5377 1358 5453 illudatur,
1384 5377 1486 5441 Rmus
1503 5379 1535 5440 in
1551 5375 1681 5442 Christo
1698 5387 1791 5460 pater

231 5487 315 5551 dnus
337 5487 500 5552 Iohannes
524 5488 575 5550 dei
599 5488 707 5570 gracia
742 5487 833 5568 Epus
856 5485 995 5548 Poznan.
1019 5505 1157 5548 unacum
1182 5505 1242 5549 suo
1266 5486 1408 5568 capitulo
1440 5487 1554 5549 statuit
1577 5496 1611 5549 et
1634 5487 1789 5568 deinceps

230 5595 345 5658 suturis
367 5595 569 5678 temporibus
585 5593 756 5658 efficaciter
771 5593 1010 5657 observandum
1027 5591 1195 5667 ordinavit,
1219 5603 1254 5656 ut
1271 5593 1454 5676 quicunque
1470 5613 1506 5655 se
1522 5595 1620 5678 recipi
1636 5595 1787 5676 petiverit
