4390 6368
438 563 502 626 206
940 565 1033 613 ACTA
1052 563 1216 614 CAPITULI
1236 564 1494 614 POZNANIENSIS

436 775 637 838 morantibus
671 797 769 838 canes
804 777 974 838 mordaces
1010 777 1170 840 habentes
1195 789 1228 840 et
1252 789 1421 840 servantes
1457 787 1593 858 propter
1624 787 1712 838 certa
1738 778 1895 856 pericula,
1931 797 1992 858 que

436 883 554 945 exinde
577 883 747 964 sepissime
771 883 878 946 solent
904 887 1051 954 evenire,
1088 885 1221 946 eosdem
1246 905 1345 946 canes
1369 895 1424 946 aut
1447 885 1591 946 alienent
1615 897 1670 946 aut
1695 885 1725 945 iu
1750 885 1844 944 curiis
1868 897 1992 945 catena-

436 1001 488 1052 tos
512 1001 658 1066 teneant;
683 991 737 1052 dni
762 991 822 1052 snb
846 1012 932 1071 pena
958 989 1171 1076 [privationis]
1197 993 1409 1054 refectionum
1434 989 1507 1052 hinc
1532 990 1573 1052 ad
1597 1003 1674 1051 octo
1699 991 1768 1053 dies
1800 991 1863 1052 hoc
1887 990 1991 1052 facere

435 1109 606 1160 teneantur
628 1109 661 1158 et
686 1099 755 1159 laici
781 1100 848 1161 sive
874 1100 1043 1178 presbiteri
1068 1119 1197 1160 exnunc
1224 1121 1282 1179 per
1305 1109 1550 1178 procuratorem
1576 1098 1818 1178 prohibeantur.

553 1201 663 1268 1057.
689 1205 803 1285 (Ibid.).
828 1205 949 1268 Ibidem
975 1207 1089 1286 prefati
1113 1207 1165 1268 dni
1191 1207 1337 1268 turrim
1363 1207 1514 1278 ecclesie,
1546 1205 1587 1266 ad
1611 1205 1701 1266 cuius
1733 1205 1886 1266 fabricam
1911 1205 1993 1266 dnus

436 1309 659 1392 Sigismundus
695 1323 847 1392 tanquam
884 1325 1042 1375 executor
1066 1315 1143 1374 olim
1168 1314 1221 1374 dni
1247 1314 1365 1375 Urielis
1404 1313 1463 1392 lipi
1489 1333 1548 1392 per
1571 1311 1656 1372 dnos
1674 1311 1794 1372 dudum
1819 1313 1993 1390 deputatus

435 1430 501 1490 est,
535 1419 788 1480 consumandam
813 1420 1030 1482 deneverunt
1055 1432 1087 1483 et
1113 1423 1174 1482 iam
1213 1422 1379 1482 materiam
1413 1419 1474 1479 sub
1507 1439 1594 1480 anno
1630 1419 1774 1497 presenti
1799 1419 1903 1479 eidem
1927 1419 1993 1478 dno

435 1525 619 1586 fabricatori
655 1525 888 1606 disponendam
925 1539 957 1588 et
993 1528 1228 1608 preparandam
1263 1527 1303 1589 ad
1339 1527 1543 1608 futurumque
1579 1545 1698 1586 annum
1735 1524 1922 1586 mutandam
1945 1513 1991 1586 'et

435 1630 605 1694 finiendam
630 1635 861 1696 commiserunt
884 1655 921 1695 ac
946 1635 1191 1696 mandaverunt.

649 1809 689 1870 Α.
721 1813 818 1890 1516,
843 1809 913 1872 Iulii
938 1813 973 1880 8,
999 1813 1030 1872 in
1055 1811 1198 1892 capitulo
1222 1813 1374 1892 generali.

548 1948 656 2015 1058.
680 1951 783 2030 (VIII.
810 1953 872 2032 35).
909 1953 1085 2014 Decretum
1109 1973 1207 2032 super
1230 1955 1453 2014 controversia
1489 1952 1665 2032 pellificum
1691 1953 1721 2012 in
1746 1953 1870 2033 oppido
1892 1951 1991 2030 Valy-

436 2077 552 2118 szcw0.
605 2095 616 2100 -
642 2058 704 2120 Die
728 2059 841 2122 Martis
855 2109 881 2121 ..
898 2081 1005 2122 vener.
1024 2061 1077 2122 dni
1096 2060 1260 2122 Iohannes
1284 2061 1324 2122 de
1349 2059 1437 2122 Gora
1454 2059 1613 2132 decanus,
1638 2059 1802 2121 Iohannes
1826 2057 1991 2139 Slawyen·

435 2164 497 2244 sky
521 2165 764 2228 archidiaconus
799 2167 1008 2236 PczevensiS.
1043 2167 1269 2248 Sigismundus
1304 2167 1345 2229 de
1382 2167 1626 2248 Camyenyccz,
1664 2167 1817 2228 Nicolaus
1856 2165 1990 2246 Olesky,

435 2269 581 2333 Thomas
616 2269 888 2354 Goczalkowslty,
926 2275 1076 2337 Andreas
1113 2275 1358 2355 Naramowslty,
1404 2273 1566 2336 Iohannes
1602 2273 1837 2353 Charbowsky,
1877 2274 1989 2336 Petrus

434 2375 633 2458 Gunyczslcy
668 2379 782 2460 prelati
805 2391 838 2443 ct
861 2384 1007 2443 canonici
1041 2383 1176 2444 ecclesie
1214 2383 1353 2444 Poznan.
1391 2383 1610 2462 capitulariter
1645 2381 1837 2462 congregati
1873 2380 1989 2442 auditis

435 2483 583 2546 hincinde
608 2487 690 2549 inter
715 2487 870 2567 providos
895 2488 1025 2550 Paulum
1050 2487 1155 2568 Stary,
1188 2489 1335 2571 hlyltlasz
1366 2489 1526 2562 Caraselt,
1558 2489 1723 2550 Andream
1751 2489 1885 2568 Duplta,
1910 2487 1989 2548 Mar·

435 2593 537 2654 tinum
561 2591 726 2674 Klopoth,
752 2594 925 2657 Martinum
951 2594 1082 2676 Gnyda,
1107 2597 1282 2660 Albertum
1306 2597 1400 2668 Zesz‚
1424 2608 1561 2665 actores,
1592 2617 1634 2657 ex
1660 2617 1730 2668 una,
1755 2607 1788 2657 et
1811 2594 1989 2656 Iohannem

434 2698 584 2780 Ryszlm,
609 2699 754 2782 Wyelgy
778 2701 851 2776 Ian,
891 2701 1093 2783 Stephanum
1118 2704 1265 2778 Musllt0‚
1301 2703 1511 2766 Laurentium
1536 2703 1685 2782 ll'olsky,
1709 2703 1750 2764 ab
1774 2703 1875 2764 altera
1898 2703 1989 2781 parti-
2095 2786 2097 2794 γ

434 2805 503 2878 bus,
528 2827 602 2868 teos
626 2809 666 2869 de
689 2809 874 2890 Valyszevo
893 2809 1052 2891 pellifices,
1070 2813 1209 2892 querelis
1233 2813 1404 2874 occasione
1428 2823 1591 2872 certarum
1616 2811 1814 2880 iniuriarum,
1840 2821 1935 2889 prout
1958 2809 1988 2868 in

434 2911 566 2974 decreto
591 2935 649 2994 per
672 2915 755 2978 dnos
772 2917 901 2978 inferius
926 2918 1012 2980 facto
1036 2921 1227 2990 continetur,
1250 2921 1334 2980 inter
1358 2919 1447 2998 ipsos
1471 2920 1593 2980 exortis
1617 2927 1650 2979 et
1674 2939 1731 2998 per
1754 2917 1888 2978 eosdem
1914 2935 1983 2994 pro-

435 3020 566 3098 positis,
591 3023 771 3104 sopitisque
795 3025 945 3086 omnibus
970 3037 1002 3087 et
1026 3026 1159 3105 singulis
1184 3028 1266 3088 inter
1289 3027 1423 3088 eosdem
1447 3025 1677 3086 controversus
1702 3035 1735 3086 et
1759 3025 1879 3085 eisdem
1906 3043 1988 3083 mor-

435 3123 561 3188 tificatis
584 3149 622 3188 ac
646 3151 705 3210 per
729 3131 1021 3192 reconciliationem
1046 3145 1189 3194 mutuam
1215 3154 1272 3214 per
1295 3133 1384 3212 ipsos
1409 3133 1557 3193 hincinde
1582 3131 1700 3193 ibidem
1725 3131 1844 3192 factam
1862 3149 1988 3190 concor-

433 3231 525 3306 datis,
550 3235 686 3296 invicem
713 3237 925 3300 decreverunt
949 3240 1094 3318 inprimis
1119 3251 1151 3302 et
1177 3240 1408 3302 mandaverunt
1442 3237 1577 3300 Iohanni
1605 3239 1772 3320 Ryszltoni
1797 3249 1830 3299 et
1855 3237 1987 3316 Vyelgy

432 3335 500 3410 Ian,
525 3349 560 3402 ut
584 3361 680 3421 super
704 3343 865 3406 delatione
898 3357 930 3407 et
954 3348 1178 3416 accusatione,
1215 3367 1312 3428 qnam
1348 3359 1462 3410 contra
1498 3349 1587 3428 ipsos
1622 3359 1749 3408 actores
1785 3344 1928 3424 prefatos
1953 3343 1982 3402 in

434 3460 596 3512 conventu
623 3449 793 3530 pellificum
819 3455 1039 3532 proximarum
1065 3455 1277 3516 nundinarum
1301 3473 1324 3516 s.
1349 3455 1500 3516 Iohannis
1532 3453 1690 3516 Poznanie
1722 3453 1867 3514 fecerunt
1898 3465 1929 3512 et
1955 3471 1989 3511 se

433 3555 569 3616 eandem
595 3557 736 3620 facturos
761 3571 962 3639 negaverunt
987 3561 1059 3621 hinc
1083 3562 1123 3622 ad
1148 3561 1227 3622 duas
1251 3563 1448 3641 septimanas
1473 3583 1507 3624 se
1531 3565 1709 3622 iuramento
1734 3559 1916 3640 expurgari,

541 3661 622 3724 Item
647 3664 859 3727 decreverunt
883 3679 915 3729 et
941 3669 1176 3729 mandaverunt
1212 3669 1377 3740 omnibus,
1414 3681 1448 3729 ut
1472 3671 1502 3728 in
1521 3669 1639 3738 ‚labore
1675 3667 1807 3748 peIIIum
1832 3666 1987 3746 preciosa·

433 3788 519 3840 rum,
545 3791 624 3849 quas
649 3792 691 3832 ex
714 3774 820 3852 pretio
845 3773 1011 3836 elaborare
1036 3775 1143 3836 solent
1168 3787 1199 3836 et
1226 3776 1357 3836 tandem
1382 3777 1410 3836 in
1437 3777 1651 3855 dispositione
1676 3775 1812 3836 vestium
1838 3793 1881 3832 ex
1904 3769 1986 3852 pelli·

434 3875 494 3936 bus
518 3877 608 3938 iuxta
644 3880 787 3959 ipsorum
820 3881 988 3943 artificium
1024 3903 1096 3944 cum
1132 3883 1368 3944 consuetudine
1403 3882 1611 3944 fraternitatis
1644 3880 1815 3962 pellificum
1851 3877 1986 3940 civitatis

433 3981 572 4044 Poznan.
597 3987 834 4050 concordarent
857 4001 889 4050 et
914 4009 948 4050 se
973 3990 1062 4052 iuxta
1086 3989 1221 4052 eandem
1247 3991 1421 4072 dirigerent
1445 4001 1476 4051 et
1502 3990 1730 4070 gubernarent.

540 4089 624 4153 Item
649 4091 859 4156 decreverunt
883 4097 1026 4156 districte
1052 4098 1275 4178 precipiend0,
1303 4107 1336 4158 ut
1360 4117 1379 4157 a
1404 4096 1595 4176 recipiendis
1620 4095 1782 4176 magistris
1808 4093 1940 4154 noviens
1956 4093 1984 4152 in

434 4195 668 4260 fraternitatem
695 4221 759 4262 non
796 4203 866 4281 plus
890 4202 990 4262 solum
1017 4204 1154 4264 mediam
1182 4224 1339 4276 marcam,
1375 4215 1472 4284 prout
1497 4223 1538 4264 ex
1564 4203 1732 4282 priuilegi0
1756 4201 1893 4271 habent,
1917 4200 1987 4261 reci-

433 4303 536 4382 piant;
560 4319 593 4368 et
617 4308 705 4387 quod
728 4307 806 4378 illis,
842 4310 882 4369 dc
908 4310 1024 4389 quibus
1050 4311 1121 4390 plus
1145 4321 1348 4390 receperunt,
1385 4310 1467 4371 ultra
1492 4309 1629 4370 mediam
1655 4327 1795 4369 marcam
1820 4309 1987 4370 restituant

434 4409 555 4472 eisdem
580 4434 717 4475 exnunc.

541 4517 623 4580 Item
649 4522 735 4600 quod
760 4543 778 4583 a
802 4523 1002 4586 mutuatione
1038 4525 1260 4604 pecuniarum,
1298 4545 1377 4605 quas
1402 4545 1444 4585 ex
1468 4524 1549 4585 cista
1586 4521 1794 4584 fraternitatis
1831 4531 1983 4586 mutuant.

434 4621 529 4684 nichil
554 4627 724 4706 recipiant,
749 4629 823 4708 quia
848 4651 941 4691 usura
966 4641 1030 4702 est,
1056 4643 1096 4700 et,
1122 4633 1275 4712 quidquid
1300 4632 1339 4692 de
1364 4632 1472 4712 aliquo
1498 4640 1700 4709 receperunt.
1718 4631 1900 4692 restituant.

539 4729 623 4794 Item
640 4735 784 4796 similiter
800 4735 1011 4801 decreverunt
1028 4751 1060 4801 et
1077 4739 1323 4812 mandaverunt,
1349 4749 1383 4801 ut
1400 4741 1526 4819 signum
1552 4737 1592 4798 ad
1617 4739 1761 4816 ipsorum
1785 4735 1986 4796 convocatio-

433 4857 506 4898 nem
530 4837 686 4912 habeant,
719 4843 806 4922 quod
831 4865 912 4906 unns
935 4845 976 4906 ad
999 4845 1135 4909 alterum
1169 4858 1317 4928 tempore
1350 4845 1597 4906 convocationis
1620 4842 1743 4906 deferat
1768 4854 1800 4905 et
1825 4842 1941 4904 referat
1954 4842 1976 4918 ¹)

647 5035 688 5096 A.
719 5037 817 5116 1516,
842 5037 984 5120 Augusti
1010 5044 1046 5114 8,
1074 5043 1103 5102 in
1129 5040 1281 5122 capitulo.

544 5171 652 5240 1059.
677 5175 782 5257 (VIII.
813 5180 907 5256 36)..
934 5179 969 5240 In
996 5181 1069 5242 loco
1094 5181 1300 5262 capitulari..
1325 5183 1417 5246 Rdus
1442 5195 1535 5264 pater
1566 5183 1647 5244 dnus
1672 5184 1711 5242 de
1736 5178 1823 5242 Gora
1848 5179 1985 5240 decanus

431 5294 491 5346 etc.
516 5285 731 5362 personaliter
765 5288 961 5350 constitutus
997 5309 1038 5349 ex
1075 5289 1204 5349 nomine
1241 5289 1309 5350 Smi
1346 5289 1761 5372 priucipiS..Sigismn11di
1793 5285 1822 5347 d.
1847 5305 1877 5366 g.
1902 5284 1984 5364 regis

531 5429 537 5431 -
574 5427 610 5434 ..η-
631 5429 743 5436 -.--.-

539 5497 559 5552 ¹)
579 5496 631 5544 Akt
651 5505 693 5544 ten
713 5497 898 5562 zumieszczouy
916 5499 964 5561 jest
984 5514 1007 5544 w
1026 5495 1126 5560 ksiedze
1146 5513 1180 5560 po
1199 5495 1335 5560 zapisltach
1353 5513 1366 5544 z
1386 5510 1415 5544 21
1438 5497 1529 5561 Lipca,
1560 5499 1598 5546 ale
1618 5509 1643 5545 tu
1663 5513 1732 5545 sama
1751 5497 1811 5560 reka
1830 5494 1984 5544 zunotonals

432 5601 490 5654 przy
502 5585 566 5636 irim:
585 5587 649 5634 »Iste
660 5595 739 5646 actus,
751 5597 826 5654 prout
837 5603 912 5652 supra
923 5587 1084 5636 terminatum
1100 5599 1145 5648 cst,
1166 5587 1276 5634 debebat
1287 5586 1361 5634 scribi
1375 5588 1487 5652 superius
1501 5597 1592 5636 octavu
1604 5587 1658 5634 Iulii
1668 5587 1714 5635 sub
1728 5585 1838 5654 capitulo
1850 5585 1981 5650 generalis
