<?xml version="1.0" encoding="UTF-8"?>
<!DOCTYPE html PUBLIC "-//W3C//DTD XHTML 1.0 Transitional//EN"
    "http://www.w3.org/TR/xhtml1/DTD/xhtml1-transitional.dtd">
<html xmlns="http://www.w3.org/1999/xhtml" xml:lang="en" lang="en">
 <head>
  <title>
</title>
<meta http-equiv="Content-Type" content="text/html;charset=utf-8" />
  <meta name='ocr-system' content='tesseract 3.04.00' />
  <meta name='ocr-capabilities' content='ocr_page ocr_carea ocr_par ocr_line ocrx_word'/>
</head>
<body>
  <div class='ocr_page' id='page_1' title='image "actacapitulorum00czubgoog_0078.png"; bbox 0 0 4458 6356; ppageno 0'>
   <div class='ocr_carea' id='block_1_1' title="bbox 939 542 1488 593">
    <p class='ocr_par' dir='ltr' id='par_1_1' title="bbox 939 542 1488 593">
     <span class='ocr_line' id='line_1_1' title="bbox 939 542 1488 593; baseline 0.002 -2"><span class='ocrx_word' id='word_1_1' title='bbox 939 542 1033 592; x_wconf 85' lang='lat' dir='ltr'><strong>ACTA</strong></span> <span class='ocrx_word' id='word_1_2' title='bbox 1052 543 1214 593; x_wconf 85' lang='lat' dir='ltr'>CAPITULI</span> <span class='ocrx_word' id='word_1_3' title='bbox 1233 542 1488 592; x_wconf 78' lang='lat' dir='ltr'>POZNANIENSIS</span> 
     </span>
    </p>
   </div>
   <div class='ocr_carea' id='block_1_2' title="bbox 990 633 1984 642">
    <p class='ocr_par' dir='ltr' id='par_1_2' title="bbox 990 633 1984 642">
     <span class='ocr_line' id='line_1_2' title="bbox 990 633 1984 642; baseline -0.003 0"><span class='ocrx_word' id='word_1_4' title='bbox 990 637 1035 642; x_wconf 74' lang='lat'>.-</span> <span class='ocrx_word' id='word_1_5' title='bbox 1050 637 1055 642; x_wconf 80' lang='lat'>-</span> <span class='ocrx_word' id='word_1_6' title='bbox 1093 637 1145 642; x_wconf 89' lang='grc'>-.-</span> <span class='ocrx_word' id='word_1_7' title='bbox 1170 637 1250 642; x_wconf 86' lang='lat'><strong>..—....</strong></span> <span class='ocrx_word' id='word_1_8' title='bbox 1297 635 1900 642; x_wconf 68' lang='lat'><em>——.-.-——-.-..----—-.-—......——.—--</em></span> <span class='ocrx_word' id='word_1_9' title='bbox 1917 633 1984 640; x_wconf 70' lang='grc'><em>...-</em></span> 
     </span>
    </p>
   </div>
   <div class='ocr_carea' id='block_1_3' title="bbox 641 755 1341 838">
    <p class='ocr_par' dir='ltr' id='par_1_3' title="bbox 641 755 1341 838">
     <span class='ocr_line' id='line_1_3' title="bbox 641 755 1341 838; baseline -0.003 -20"><span class='ocrx_word' id='word_1_10' title='bbox 641 757 683 818; x_wconf 93' lang='grc' dir='ltr'>Α.</span> <span class='ocrx_word' id='word_1_11' title='bbox 714 773 811 834; x_wconf 87' lang='grc'>1444,</span> <span class='ocrx_word' id='word_1_12' title='bbox 836 755 1026 818; x_wconf 83' lang='lat' dir='ltr'>Decembris</span> <span class='ocrx_word' id='word_1_13' title='bbox 1052 772 1108 834; x_wconf 88' lang='lat'>30,</span> <span class='ocrx_word' id='word_1_14' title='bbox 1133 757 1165 818; x_wconf 91' lang='lat' dir='ltr'>in</span> <span class='ocrx_word' id='word_1_15' title='bbox 1189 756 1341 838; x_wconf 88' lang='lat' dir='ltr'>capitulo.</span> 
     </span>
    </p>
   </div>
   <div class='ocr_carea' id='block_1_4' title="bbox 430 893 1986 1316">
    <p class='ocr_par' dir='ltr' id='par_1_4' title="bbox 430 893 1986 1316">
     <span class='ocr_line' id='line_1_4' title="bbox 538 893 1983 978; baseline -0.004 -17"><span class='ocrx_word' id='word_1_16' title='bbox 538 893 624 962; x_wconf 85' lang='grc'>304.</span> <span class='ocrx_word' id='word_1_17' title='bbox 660 897 709 974; x_wconf 75' lang='grc'>111.</span> <span class='ocrx_word' id='word_1_18' title='bbox 735 897 813 976; x_wconf 85' lang='lat'>47⁰).</span> <span class='ocrx_word' id='word_1_19' title='bbox 851 897 972 960; x_wconf 88' lang='lat' dir='ltr'><strong>Ibidem</strong></span> <span class='ocrx_word' id='word_1_20' title='bbox 996 898 1050 959; x_wconf 94' lang='lat' dir='ltr'>dni</span> <span class='ocrx_word' id='word_1_21' title='bbox 1073 897 1165 978; x_wconf 91' lang='lat' dir='ltr'>Epus</span> <span class='ocrx_word' id='word_1_22' title='bbox 1188 909 1221 960; x_wconf 91' lang='lat' dir='ltr'>et</span> <span class='ocrx_word' id='word_1_23' title='bbox 1245 897 1361 978; x_wconf 91' lang='lat' dir='ltr'>prelati</span> <span class='ocrx_word' id='word_1_24' title='bbox 1393 917 1465 959; x_wconf 93' lang='lat' dir='ltr'>cum</span> <span class='ocrx_word' id='word_1_25' title='bbox 1498 899 1661 959; x_wconf 89' lang='lat' dir='ltr'>canonicis</span> <span class='ocrx_word' id='word_1_26' title='bbox 1693 896 1807 977; x_wconf 86' lang='lat' dir='ltr'>prelati</span> <span class='ocrx_word' id='word_1_27' title='bbox 1839 898 1983 960; x_wconf 89' lang='lat' dir='ltr'>testimo·</span> 
     </span>
     <span class='ocr_line' id='line_1_5' title="bbox 430 1003 1985 1086; baseline -0.002 -20"><span class='ocrx_word' id='word_1_28' title='bbox 430 1005 518 1066; x_wconf 92' lang='lat' dir='ltr'>nium</span> <span class='ocrx_word' id='word_1_29' title='bbox 542 1005 771 1086; x_wconf 89' lang='lat' dir='ltr'>perhibuerunt</span> <span class='ocrx_word' id='word_1_30' title='bbox 802 1015 835 1066; x_wconf 91' lang='lat' dir='ltr'>et</span> <span class='ocrx_word' id='word_1_31' title='bbox 860 1015 1120 1086; x_wconf 85' lang='lat' dir='ltr'>recognoverunt</span> <span class='ocrx_word' id='word_1_32' title='bbox 1151 1006 1192 1066; x_wconf 91' lang='lat' dir='ltr'>de</span> <span class='ocrx_word' id='word_1_33' title='bbox 1217 1006 1281 1066; x_wconf 93' lang='lat' dir='ltr'>dno</span> <span class='ocrx_word' id='word_1_34' title='bbox 1306 1005 1443 1066; x_wconf 90' lang='lat' dir='ltr'>Nicolao</span> <span class='ocrx_word' id='word_1_35' title='bbox 1475 1003 1752 1086; x_wconf 79' lang='lat' dir='ltr'>Lubycchowslry</span> <span class='ocrx_word' id='word_1_36' title='bbox 1777 1004 1985 1083; x_wconf 85' lang='lat' dir='ltr'>predicatore,</span> 
     </span>
     <span class='ocr_line' id='line_1_6' title="bbox 431 1109 1986 1193; baseline 0 -21"><span class='ocrx_word' id='word_1_37' title='bbox 431 1112 535 1192; x_wconf 88' lang='lat' dir='ltr'>ipsum</span> <span class='ocrx_word' id='word_1_38' title='bbox 561 1109 656 1173; x_wconf 87' lang='lat' dir='ltr'>luisse</span> <span class='ocrx_word' id='word_1_39' title='bbox 681 1123 713 1173; x_wconf 91' lang='lat' dir='ltr'>et</span> <span class='ocrx_word' id='word_1_40' title='bbox 737 1131 810 1174; x_wconf 90' lang='lat' dir='ltr'>esse</span> <span class='ocrx_word' id='word_1_41' title='bbox 831 1113 932 1173; x_wconf 90' lang='lat' dir='ltr'>virum</span> <span class='ocrx_word' id='word_1_42' title='bbox 957 1113 1184 1193; x_wconf 87' lang='lat' dir='ltr'>approbatum,</span> <span class='ocrx_word' id='word_1_43' title='bbox 1209 1133 1286 1174; x_wconf 89' lang='lat' dir='ltr'>sane</span> <span class='ocrx_word' id='word_1_44' title='bbox 1315 1124 1348 1174; x_wconf 90' lang='lat' dir='ltr'>et</span> <span class='ocrx_word' id='word_1_45' title='bbox 1372 1111 1530 1174; x_wconf 84' lang='lat' dir='ltr'>catholice</span> <span class='ocrx_word' id='word_1_46' title='bbox 1554 1111 1700 1174; x_wconf 85' lang='lat' dir='ltr'>doctrine</span> <span class='ocrx_word' id='word_1_47' title='bbox 1724 1112 1893 1172; x_wconf 89' lang='lat' dir='ltr'>doctorem</span> <span class='ocrx_word' id='word_1_48' title='bbox 1919 1111 1986 1172; x_wconf 92' lang='lat' dir='ltr'>sive</span> 
     </span>
     <span class='ocr_line' id='line_1_7' title="bbox 432 1217 1761 1316; baseline -0.002 -37"><span class='ocrx_word' id='word_1_49' title='bbox 432 1218 685 1300; x_wconf 85' lang='lat' dir='ltr'>predicatorem,</span> <span class='ocrx_word' id='word_1_50' title='bbox 710 1237 769 1280; x_wconf 90' lang='lat' dir='ltr'>nec</span> <span class='ocrx_word' id='word_1_51' title='bbox 793 1217 889 1280; x_wconf 86' lang='lat' dir='ltr'>luisse</span> <span class='ocrx_word' id='word_1_52' title='bbox 913 1230 968 1281; x_wconf 89' lang='lat' dir='ltr'>aut</span> <span class='ocrx_word' id='word_1_53' title='bbox 992 1239 1065 1282; x_wconf 90' lang='lat' dir='ltr'>esse</span> <span class='ocrx_word' id='word_1_54' title='bbox 1090 1219 1120 1281; x_wconf 93' lang='lat' dir='ltr'>in</span> <span class='ocrx_word' id='word_1_55' title='bbox 1146 1219 1208 1281; x_wconf 88' lang='lat' dir='ltr'>fide</span> <span class='ocrx_word' id='word_1_56' title='bbox 1232 1219 1367 1282; x_wconf 91' lang='lat' dir='ltr'>ecclesie</span> <span class='ocrx_word' id='word_1_57' title='bbox 1382 1219 1541 1316; x_wconf 67' lang='lat' dir='ltr'>Romane</span> <span class='ocrx_word' id='word_1_58' title='bbox 1564 1229 1761 1298; x_wconf 90' lang='lat' dir='ltr'>suspectum.</span> 
     </span>
    </p>
   </div>
   <div class='ocr_carea' id='block_1_5' title="bbox 644 1429 1263 1511">
    <p class='ocr_par' dir='ltr' id='par_1_5' title="bbox 644 1429 1263 1511">
     <span class='ocr_line' id='line_1_8' title="bbox 644 1429 1263 1511; baseline 0.002 -20"><span class='ocrx_word' id='word_1_59' title='bbox 644 1429 687 1492; x_wconf 89' lang='lat' dir='ltr'>A.</span> <span class='ocrx_word' id='word_1_60' title='bbox 718 1442 816 1508; x_wconf 85' lang='lat'>1445,</span> <span class='ocrx_word' id='word_1_61' title='bbox 842 1429 980 1492; x_wconf 91' lang='lat' dir='ltr'>Ianuarii</span> <span class='ocrx_word' id='word_1_62' title='bbox 1007 1443 1040 1509; x_wconf 83' lang='lat'>5,</span> <span class='ocrx_word' id='word_1_63' title='bbox 1065 1431 1096 1492; x_wconf 93' lang='lat' dir='ltr'>in</span> <span class='ocrx_word' id='word_1_64' title='bbox 1120 1430 1263 1511; x_wconf 90' lang='lat' dir='ltr'>capitulo</span> 
     </span>
    </p>
   </div>
   <div class='ocr_carea' id='block_1_6' title="bbox 432 1563 1987 2080">
    <p class='ocr_par' dir='ltr' id='par_1_6' title="bbox 432 1563 1987 2080">
     <span class='ocr_line' id='line_1_9' title="bbox 542 1563 1986 1652; baseline -0.001 -18"><span class='ocrx_word' id='word_1_65' title='bbox 542 1567 629 1634; x_wconf 83' lang='lat'><strong>305.</strong></span> <span class='ocrx_word' id='word_1_66' title='bbox 655 1569 702 1650; x_wconf 88' lang='lat' dir='ltr'>(ll.</span> <span class='ocrx_word' id='word_1_67' title='bbox 726 1571 792 1650; x_wconf 87' lang='lat'>48).</span> <span class='ocrx_word' id='word_1_68' title='bbox 818 1615 825 1630; x_wconf 90' lang='lat'><strong>.</strong></span> <span class='ocrx_word' id='word_1_69' title='bbox 852 1617 859 1632; x_wconf 90' lang='lat'>.</span> <span class='ocrx_word' id='word_1_70' title='bbox 884 1570 947 1632; x_wconf 92' lang='lat' dir='ltr'>Dni</span> <span class='ocrx_word' id='word_1_71' title='bbox 972 1619 979 1634; x_wconf 92' lang='lat'><strong>.</strong></span> <span class='ocrx_word' id='word_1_72' title='bbox 1007 1617 1014 1631; x_wconf 92' lang='lat'><strong>.</strong></span> <span class='ocrx_word' id='word_1_73' title='bbox 1037 1571 1153 1652; x_wconf 90' lang='lat' dir='ltr'>prelati</span> <span class='ocrx_word' id='word_1_74' title='bbox 1177 1581 1209 1634; x_wconf 91' lang='lat' dir='ltr'>et</span> <span class='ocrx_word' id='word_1_75' title='bbox 1233 1571 1379 1634; x_wconf 90' lang='lat' dir='ltr'>canonici</span> <span class='ocrx_word' id='word_1_76' title='bbox 1404 1621 1410 1632; x_wconf 93' lang='lat'>.</span> <span class='ocrx_word' id='word_1_77' title='bbox 1435 1619 1442 1633; x_wconf 94' lang='lat'><strong><em>.</em></strong></span> <span class='ocrx_word' id='word_1_78' title='bbox 1467 1563 1679 1634; x_wconf 84' lang='lat' dir='ltr'>decreverunt</span> <span class='ocrx_word' id='word_1_79' title='bbox 1695 1581 1728 1633; x_wconf 89' lang='lat' dir='ltr'>et</span> <span class='ocrx_word' id='word_1_80' title='bbox 1745 1583 1986 1644; x_wconf 86' lang='lat' dir='ltr'>consenserunt,</span> 
     </span>
     <span class='ocr_line' id='line_1_10' title="bbox 432 1677 1986 1760; baseline 0 -21"><span class='ocrx_word' id='word_1_81' title='bbox 432 1677 519 1760; x_wconf 92' lang='lat' dir='ltr'>quod</span> <span class='ocrx_word' id='word_1_82' title='bbox 544 1677 625 1740; x_wconf 92' lang='lat' dir='ltr'>dnus</span> <span class='ocrx_word' id='word_1_83' title='bbox 650 1677 819 1740; x_wconf 88' lang='lat' dir='ltr'>Miroslaus</span> <span class='ocrx_word' id='word_1_84' title='bbox 843 1678 1017 1740; x_wconf 89' lang='lat' dir='ltr'>canonicus</span> <span class='ocrx_word' id='word_1_85' title='bbox 1048 1689 1136 1742; x_wconf 88' lang='lat' dir='ltr'>emat</span> <span class='ocrx_word' id='word_1_86' title='bbox 1167 1679 1353 1740; x_wconf 89' lang='lat' dir='ltr'>sculteciam</span> <span class='ocrx_word' id='word_1_87' title='bbox 1378 1679 1408 1740; x_wconf 95' lang='lat' dir='ltr'>in</span> <span class='ocrx_word' id='word_1_88' title='bbox 1434 1679 1665 1758; x_wconf 87' lang='lat' dir='ltr'>Urnyeszewo,</span> <span class='ocrx_word' id='word_1_89' title='bbox 1698 1679 1876 1760; x_wconf 86' lang='lat' dir='ltr'>quemlibet</span> <span class='ocrx_word' id='word_1_90' title='bbox 1900 1699 1986 1740; x_wconf 93' lang='lat' dir='ltr'>man-</span> 
     </span>
     <span class='ocr_line' id='line_1_11' title="bbox 432 1784 1987 1866; baseline 0 -19"><span class='ocrx_word' id='word_1_91' title='bbox 432 1805 502 1847; x_wconf 89' lang='lat' dir='ltr'>sum</span> <span class='ocrx_word' id='word_1_92' title='bbox 527 1803 587 1864; x_wconf 93' lang='lat' dir='ltr'>pro</span> <span class='ocrx_word' id='word_1_93' title='bbox 610 1784 642 1846; x_wconf 91' lang='lat' dir='ltr'>X</span> <span class='ocrx_word' id='word_1_94' title='bbox 666 1785 780 1845; x_wconf 88' lang='lat' dir='ltr'>marcis</span> <span class='ocrx_word' id='word_1_95' title='bbox 804 1795 858 1846; x_wconf 88' lang='lat' dir='ltr'>aut</span> <span class='ocrx_word' id='word_1_96' title='bbox 882 1786 1000 1854; x_wconf 89' lang='lat' dir='ltr'>carius,</span> <span class='ocrx_word' id='word_1_97' title='bbox 1025 1786 1114 1847; x_wconf 87' lang='lat' dir='ltr'>iuxta</span> <span class='ocrx_word' id='word_1_98' title='bbox 1139 1787 1226 1866; x_wconf 92' lang='lat' dir='ltr'>quod</span> <span class='ocrx_word' id='word_1_99' title='bbox 1251 1785 1419 1848; x_wconf 83' lang='lat' dir='ltr'>dictaverit</span> <span class='ocrx_word' id='word_1_100' title='bbox 1456 1786 1658 1848; x_wconf 90' lang='lat' dir='ltr'>iudicium</span> <span class='ocrx_word' id='word_1_101' title='bbox 1693 1785 1890 1858; x_wconf 88' lang='lat' dir='ltr'>seculare,</span> <span class='ocrx_word' id='word_1_102' title='bbox 1927 1805 1987 1866; x_wconf 90' lang='lat' dir='ltr'>pro</span> 
     </span>
     <span class='ocr_line' id='line_1_12' title="bbox 434 1891 1986 1972; baseline 0.002 -21"><span class='ocrx_word' id='word_1_103' title='bbox 434 1891 578 1971; x_wconf 91' lang='lat' dir='ltr'>pecuniis</span> <span class='ocrx_word' id='word_1_104' title='bbox 602 1891 746 1971; x_wconf 90' lang='lat' dir='ltr'>capituli,</span> <span class='ocrx_word' id='word_1_105' title='bbox 782 1911 861 1970; x_wconf 88' lang='lat' dir='ltr'>quas</span> <span class='ocrx_word' id='word_1_106' title='bbox 885 1893 1030 1972; x_wconf 88' lang='lat' dir='ltr'>reposuit</span> <span class='ocrx_word' id='word_1_107' title='bbox 1064 1892 1181 1954; x_wconf 93' lang='lat' dir='ltr'>nobilis</span> <span class='ocrx_word' id='word_1_108' title='bbox 1217 1893 1373 1954; x_wconf 89' lang='lat' dir='ltr'>Derslaus</span> <span class='ocrx_word' id='word_1_109' title='bbox 1408 1892 1568 1972; x_wconf 79' lang='lat' dir='ltr'>Lulinslry</span> <span class='ocrx_word' id='word_1_110' title='bbox 1604 1902 1636 1954; x_wconf 95' lang='lat' dir='ltr'>et</span> <span class='ocrx_word' id='word_1_111' title='bbox 1669 1913 1785 1954; x_wconf 91' lang='lat' dir='ltr'>census</span> <span class='ocrx_word' id='word_1_112' title='bbox 1809 1893 1850 1954; x_wconf 92' lang='lat' dir='ltr'>de</span> <span class='ocrx_word' id='word_1_113' title='bbox 1874 1893 1986 1954; x_wconf 89' lang='lat' dir='ltr'>eadem</span> 
     </span>
     <span class='ocr_line' id='line_1_13' title="bbox 433 1997 1692 2080; baseline -0.002 -20"><span class='ocrx_word' id='word_1_114' title='bbox 433 1998 585 2060; x_wconf 90' lang='lat' dir='ltr'>scultecia</span> <span class='ocrx_word' id='word_1_115' title='bbox 607 1998 649 2059; x_wconf 89' lang='lat' dir='ltr'>ab</span> <span class='ocrx_word' id='word_1_116' title='bbox 673 1997 792 2060; x_wconf 89' lang='lat' dir='ltr'>eisdem</span> <span class='ocrx_word' id='word_1_117' title='bbox 817 1999 960 2079; x_wconf 89' lang='lat' dir='ltr'>pecuniis</span> <span class='ocrx_word' id='word_1_118' title='bbox 987 2009 1196 2062; x_wconf 89' lang='lat' dir='ltr'>convertatur</span> <span class='ocrx_word' id='word_1_119' title='bbox 1221 2019 1281 2080; x_wconf 91' lang='lat' dir='ltr'>pro</span> <span class='ocrx_word' id='word_1_120' title='bbox 1304 2001 1529 2062; x_wconf 88' lang='lat' dir='ltr'>anniversariis</span> <span class='ocrx_word' id='word_1_121' title='bbox 1553 1998 1692 2080; x_wconf 90' lang='lat' dir='ltr'>capituli.</span> 
     </span>
    </p>
   </div>
   <div class='ocr_carea' id='block_1_7' title="bbox 649 2208 1327 2292">
    <p class='ocr_par' dir='ltr' id='par_1_7' title="bbox 649 2208 1327 2292">
     <span class='ocr_line' id='line_1_14' title="bbox 649 2208 1327 2292; baseline 0.003 -22"><span class='ocrx_word' id='word_1_122' title='bbox 649 2209 692 2271; x_wconf 93' lang='lat' dir='ltr'>A.</span> <span class='ocrx_word' id='word_1_123' title='bbox 723 2223 820 2288; x_wconf 84' lang='lat'>1445,</span> <span class='ocrx_word' id='word_1_124' title='bbox 846 2208 1010 2272; x_wconf 82' lang='lat' dir='ltr'>Februarii</span> <span class='ocrx_word' id='word_1_125' title='bbox 1040 2227 1094 2284; x_wconf 89' lang='grc'>10,</span> <span class='ocrx_word' id='word_1_126' title='bbox 1119 2211 1150 2272; x_wconf 93' lang='grc'>111</span> <span class='ocrx_word' id='word_1_127' title='bbox 1174 2210 1327 2292; x_wconf 88' lang='lat' dir='ltr'>capitulo.</span> 
     </span>
    </p>
   </div>
   <div class='ocr_carea' id='block_1_8' title="bbox 432 2329 1988 3193">
    <p class='ocr_par' dir='ltr' id='par_1_8' title="bbox 432 2329 1988 3193">
     <span class='ocr_line' id='line_1_15' title="bbox 541 2329 1987 2433; baseline -0.002 -19"><span class='ocrx_word' id='word_1_128' title='bbox 541 2345 627 2414; x_wconf 85' lang='lat'>306.</span> <span class='ocrx_word' id='word_1_129' title='bbox 653 2349 808 2432; x_wconf 83' lang='lat' dir='ltr'>(ll.49⁰).</span> <span class='ocrx_word' id='word_1_130' title='bbox 833 2350 894 2412; x_wconf 90' lang='lat' dir='ltr'>Die</span> <span class='ocrx_word' id='word_1_131' title='bbox 919 2351 1120 2415; x_wconf 90' lang='lat' dir='ltr'>Mercurii..</span> <span class='ocrx_word' id='word_1_132' title='bbox 1147 2353 1219 2433; x_wconf 91' lang='lat' dir='ltr'>ipso</span> <span class='ocrx_word' id='word_1_133' title='bbox 1251 2353 1302 2414; x_wconf 90' lang='lat' dir='ltr'>die</span> <span class='ocrx_word' id='word_1_134' title='bbox 1333 2351 1483 2414; x_wconf 89' lang='lat' dir='ltr'>Cinerum</span> <span class='ocrx_word' id='word_1_135' title='bbox 1516 2350 1547 2412; x_wconf 94' lang='lat' dir='ltr'>in</span> <span class='ocrx_word' id='word_1_136' title='bbox 1579 2329 1715 2411; x_wconf 87' lang='lat' dir='ltr'>ecclesia</span> <span class='ocrx_word' id='word_1_137' title='bbox 1747 2347 1886 2411; x_wconf 88' lang='lat' dir='ltr'>Poznan.</span> <span class='ocrx_word' id='word_1_138' title='bbox 1911 2361 1987 2412; x_wconf 87' lang='lat' dir='ltr'>ante</span> 
     </span>
     <span class='ocr_line' id='line_1_16' title="bbox 434 2456 1985 2539; baseline -0.001 -21"><span class='ocrx_word' id='word_1_139' title='bbox 434 2457 566 2520; x_wconf 88' lang='lat' dir='ltr'>altare</span> <span class='ocrx_word' id='word_1_140' title='bbox 590 2459 705 2539; x_wconf 85' lang='lat' dir='ltr'>regis</span> <span class='ocrx_word' id='word_1_141' title='bbox 729 2457 919 2520; x_wconf 90' lang='lat' dir='ltr'>Boleslai</span> <span class='ocrx_word' id='word_1_142' title='bbox 948 2507 977 2521; x_wconf 92' lang='lat'>..</span> <span class='ocrx_word' id='word_1_143' title='bbox 1010 2459 1214 2539; x_wconf 88' lang='lat' dir='ltr'>presentibus</span> <span class='ocrx_word' id='word_1_144' title='bbox 1249 2458 1347 2521; x_wconf 90' lang='grc'>1100111</span> <span class='ocrx_word' id='word_1_145' title='bbox 1379 2458 1475 2520; x_wconf 93' lang='lat' dir='ltr'>Petro</span> <span class='ocrx_word' id='word_1_146' title='bbox 1506 2456 1731 2537; x_wconf 79' lang='lat' dir='ltr'>Strzeleczslry</span> <span class='ocrx_word' id='word_1_147' title='bbox 1763 2467 1795 2518; x_wconf 91' lang='lat' dir='ltr'>et</span> <span class='ocrx_word' id='word_1_148' title='bbox 1827 2456 1985 2518; x_wconf 88' lang='lat' dir='ltr'>Michaele</span> 
     </span>
     <span class='ocr_line' id='line_1_17' title="bbox 434 2559 1988 2646; baseline -0.001 -21"><span class='ocrx_word' id='word_1_149' title='bbox 434 2563 640 2626; x_wconf 89' lang='lat' dir='ltr'>vicecustode</span> <span class='ocrx_word' id='word_1_150' title='bbox 663 2584 705 2626; x_wconf 88' lang='lat' dir='ltr'>ex</span> <span class='ocrx_word' id='word_1_151' title='bbox 728 2565 901 2627; x_wconf 89' lang='lat' dir='ltr'>concordia</span> <span class='ocrx_word' id='word_1_152' title='bbox 925 2574 959 2627; x_wconf 92' lang='lat' dir='ltr'>et</span> <span class='ocrx_word' id='word_1_153' title='bbox 982 2567 1225 2646; x_wconf 87' lang='lat' dir='ltr'>composicione</span> <span class='ocrx_word' id='word_1_154' title='bbox 1257 2565 1415 2626; x_wconf 86' lang='lat' dir='ltr'>amicabili</span> <span class='ocrx_word' id='word_1_155' title='bbox 1448 2564 1530 2626; x_wconf 90' lang='lat' dir='ltr'>dous</span> <span class='ocrx_word' id='word_1_156' title='bbox 1555 2559 1715 2626; x_wconf 89' lang='lat' dir='ltr'>Iohannes</span> <span class='ocrx_word' id='word_1_157' title='bbox 1739 2563 1779 2625; x_wconf 92' lang='lat' dir='ltr'>de</span> <span class='ocrx_word' id='word_1_158' title='bbox 1804 2561 1988 2642; x_wconf 87' lang='lat' dir='ltr'>Nyewesch</span> 
     </span>
     <span class='ocr_line' id='line_1_18' title="bbox 433 2669 1986 2752; baseline -0.001 -20"><span class='ocrx_word' id='word_1_159' title='bbox 433 2670 675 2734; x_wconf 87' lang='lat' dir='ltr'>archidiaconus</span> <span class='ocrx_word' id='word_1_160' title='bbox 700 2669 899 2734; x_wconf 88' lang='lat' dir='ltr'>Gneznensis</span> <span class='ocrx_word' id='word_1_161' title='bbox 924 2672 1057 2734; x_wconf 89' lang='lat' dir='ltr'>donavit</span> <span class='ocrx_word' id='word_1_162' title='bbox 1081 2671 1239 2734; x_wconf 85' lang='lat' dir='ltr'>decimam</span> <span class='ocrx_word' id='word_1_163' title='bbox 1264 2671 1495 2752; x_wconf 81' lang='lat' dir='ltr'>manipularem</span> <span class='ocrx_word' id='word_1_164' title='bbox 1519 2671 1713 2750; x_wconf 88' lang='lat' dir='ltr'>dumptaxat</span> <span class='ocrx_word' id='word_1_165' title='bbox 1737 2683 1813 2752; x_wconf 92' lang='lat' dir='ltr'>post</span> <span class='ocrx_word' id='word_1_166' title='bbox 1830 2670 1986 2752; x_wconf 88' lang='lat' dir='ltr'>quasdam</span> 
     </span>
     <span class='ocr_line' id='line_1_19' title="bbox 432 2774 1987 2860; baseline -0.001 -20"><span class='ocrx_word' id='word_1_167' title='bbox 432 2798 585 2860; x_wconf 84' lang='lat' dir='ltr'>agrorum</span> <span class='ocrx_word' id='word_1_168' title='bbox 619 2776 822 2840; x_wconf 89' lang='lat' dir='ltr'>residuitates</span> <span class='ocrx_word' id='word_1_169' title='bbox 847 2779 878 2840; x_wconf 93' lang='lat' dir='ltr'>in</span> <span class='ocrx_word' id='word_1_170' title='bbox 903 2777 1120 2840; x_wconf 79' lang='lat' dir='ltr'>Wranlrczino</span> <span class='ocrx_word' id='word_1_171' title='bbox 1153 2778 1251 2839; x_wconf 92' lang='lat' dir='ltr'>nobili</span> <span class='ocrx_word' id='word_1_172' title='bbox 1283 2774 1419 2840; x_wconf 88' lang='lat' dir='ltr'>Iohanni</span> <span class='ocrx_word' id='word_1_173' title='bbox 1456 2775 1663 2858; x_wconf 83' lang='lat' dir='ltr'>Orchowslry</span> <span class='ocrx_word' id='word_1_174' title='bbox 1698 2777 1903 2839; x_wconf 92' lang='lat' dir='ltr'>solummodo</span> <span class='ocrx_word' id='word_1_175' title='bbox 1928 2798 1987 2857; x_wconf 89' lang='lat' dir='ltr'>pro</span> 
     </span>
     <span class='ocr_line' id='line_1_20' title="bbox 433 2883 1986 2965; baseline -0.001 -17"><span class='ocrx_word' id='word_1_176' title='bbox 433 2885 493 2948; x_wconf 91' lang='lat' dir='ltr'>hac</span> <span class='ocrx_word' id='word_1_177' title='bbox 516 2885 600 2958; x_wconf 90' lang='lat' dir='ltr'>vice,</span> <span class='ocrx_word' id='word_1_178' title='bbox 625 2895 658 2948; x_wconf 91' lang='lat' dir='ltr'>et</span> <span class='ocrx_word' id='word_1_179' title='bbox 681 2885 766 2946; x_wconf 87' lang='lat' dir='ltr'>idern</span> <span class='ocrx_word' id='word_1_180' title='bbox 790 2885 905 2947; x_wconf 89' lang='lat' dir='ltr'>nobilis</span> <span class='ocrx_word' id='word_1_181' title='bbox 929 2885 1026 2946; x_wconf 88' lang='lat' dir='ltr'>cessit</span> <span class='ocrx_word' id='word_1_182' title='bbox 1049 2895 1082 2948; x_wconf 88' lang='lat' dir='ltr'>et</span> <span class='ocrx_word' id='word_1_183' title='bbox 1106 2885 1303 2946; x_wconf 87' lang='lat' dir='ltr'>renunciavit</span> <span class='ocrx_word' id='word_1_184' title='bbox 1320 2885 1351 2946; x_wconf 91' lang='lat' dir='ltr'>in</span> <span class='ocrx_word' id='word_1_185' title='bbox 1369 2894 1559 2964; x_wconf 90' lang='lat' dir='ltr'>perpetuum</span> <span class='ocrx_word' id='word_1_186' title='bbox 1584 2885 1688 2946; x_wconf 92' lang='lat' dir='ltr'>eidem</span> <span class='ocrx_word' id='word_1_187' title='bbox 1713 2883 1836 2946; x_wconf 87' lang='lat' dir='ltr'>decime</span> <span class='ocrx_word' id='word_1_188' title='bbox 1860 2884 1986 2965; x_wconf 88' lang='lat' dir='ltr'>prelato</span> 
     </span>
     <span class='ocr_line' id='line_1_21' title="bbox 434 2987 1983 3072; baseline -0.001 -18"><span class='ocrx_word' id='word_1_189' title='bbox 434 2991 499 3054; x_wconf 92' lang='lat' dir='ltr'>dno</span> <span class='ocrx_word' id='word_1_190' title='bbox 523 2987 657 3054; x_wconf 88' lang='lat' dir='ltr'>Iohanni</span> <span class='ocrx_word' id='word_1_191' title='bbox 681 2991 907 3054; x_wconf 90' lang='lat' dir='ltr'>archidiacono</span> <span class='ocrx_word' id='word_1_192' title='bbox 931 3002 964 3054; x_wconf 91' lang='lat' dir='ltr'>et</span> <span class='ocrx_word' id='word_1_193' title='bbox 988 2991 1087 3072; x_wconf 87' lang='lat' dir='ltr'>ipsius</span> <span class='ocrx_word' id='word_1_194' title='bbox 1119 2991 1408 3062; x_wconf 90' lang='lat' dir='ltr'>archidiaconatui,</span> <span class='ocrx_word' id='word_1_195' title='bbox 1439 3011 1499 3052; x_wconf 92' lang='lat' dir='ltr'>nec</span> <span class='ocrx_word' id='word_1_196' title='bbox 1529 2991 1667 3072; x_wconf 89' lang='lat' dir='ltr'>amplius</span> <span class='ocrx_word' id='word_1_197' title='bbox 1699 2991 1796 3054; x_wconf 90' lang='lat' dir='ltr'>debet</span> <span class='ocrx_word' id='word_1_198' title='bbox 1830 3011 1865 3053; x_wconf 92' lang='lat' dir='ltr'>se</span> <span class='ocrx_word' id='word_1_199' title='bbox 1889 2993 1983 3053; x_wconf 89' lang='lat' dir='ltr'>intro·</span> 
     </span>
     <span class='ocr_line' id='line_1_22' title="bbox 434 3099 774 3193; baseline 0.006 -33"><span class='ocrx_word' id='word_1_200' title='bbox 434 3099 561 3193; x_wconf 71' lang='lat' dir='ltr'>mittere</span> <span class='ocrx_word' id='word_1_201' title='bbox 586 3099 626 3160; x_wconf 91' lang='lat' dir='ltr'>de</span> <span class='ocrx_word' id='word_1_202' title='bbox 650 3099 774 3162; x_wconf 88' lang='lat' dir='ltr'>eadem.</span> 
     </span>
    </p>
   </div>
   <div class='ocr_carea' id='block_1_9' title="bbox 650 3309 1324 3390">
    <p class='ocr_par' dir='ltr' id='par_1_9' title="bbox 650 3309 1324 3390">
     <span class='ocr_line' id='line_1_23' title="bbox 650 3309 1324 3390; baseline 0 -20"><span class='ocrx_word' id='word_1_203' title='bbox 650 3313 693 3370; x_wconf 91' lang='lat' dir='ltr'>A.</span> <span class='ocrx_word' id='word_1_204' title='bbox 724 3323 822 3388; x_wconf 87' lang='grc'>1445,</span> <span class='ocrx_word' id='word_1_205' title='bbox 846 3309 1010 3372; x_wconf 88' lang='lat' dir='ltr'>Februarii</span> <span class='ocrx_word' id='word_1_206' title='bbox 1039 3327 1093 3386; x_wconf 87' lang='lat'>11,</span> <span class='ocrx_word' id='word_1_207' title='bbox 1117 3310 1149 3371; x_wconf 94' lang='lat' dir='ltr'>in</span> <span class='ocrx_word' id='word_1_208' title='bbox 1172 3309 1324 3390; x_wconf 87' lang='lat' dir='ltr'>capitulo.</span> 
     </span>
    </p>
   </div>
   <div class='ocr_carea' id='block_1_10' title="bbox 434 3445 1985 3960">
    <p class='ocr_par' dir='ltr' id='par_1_10' title="bbox 434 3445 1985 3960">
     <span class='ocr_line' id='line_1_24' title="bbox 543 3445 1985 3534; baseline -0.001 -20"><span class='ocrx_word' id='word_1_209' title='bbox 543 3445 630 3514; x_wconf 83' lang='grc'>307.</span> <span class='ocrx_word' id='word_1_210' title='bbox 656 3450 707 3534; x_wconf 89' lang='grc' dir='ltr'>(ΙΙ.</span> <span class='ocrx_word' id='word_1_211' title='bbox 731 3451 811 3530; x_wconf 80' lang='lat'>49⁰).</span> <span class='ocrx_word' id='word_1_212' title='bbox 836 3452 958 3514; x_wconf 92' lang='lat' dir='ltr'>Ibidem</span> <span class='ocrx_word' id='word_1_213' title='bbox 983 3473 1062 3534; x_wconf 84' lang='lat' dir='ltr'>mgr.</span> <span class='ocrx_word' id='word_1_214' title='bbox 1087 3452 1249 3514; x_wconf 89' lang='lat' dir='ltr'>Iohannes</span> <span class='ocrx_word' id='word_1_215' title='bbox 1281 3453 1362 3515; x_wconf 90' lang='lat' dir='ltr'>dixit</span> <span class='ocrx_word' id='word_1_216' title='bbox 1392 3463 1510 3532; x_wconf 92' lang='lat' dir='ltr'>sponte</span> <span class='ocrx_word' id='word_1_217' title='bbox 1534 3463 1566 3514; x_wconf 93' lang='lat' dir='ltr'>et</span> <span class='ocrx_word' id='word_1_218' title='bbox 1591 3473 1648 3533; x_wconf 87' lang='lat' dir='ltr'>per</span> <span class='ocrx_word' id='word_1_219' title='bbox 1672 3471 1863 3533; x_wconf 88' lang='lat' dir='ltr'>expressum</span> <span class='ocrx_word' id='word_1_220' title='bbox 1887 3452 1985 3514; x_wconf 92' lang='lat' dir='ltr'>dnum</span> 
     </span>
     <span class='ocr_line' id='line_1_25' title="bbox 436 3557 1985 3639; baseline 0.002 -22"><span class='ocrx_word' id='word_1_221' title='bbox 436 3557 604 3618; x_wconf 88' lang='lat' dir='ltr'>Nicolaum</span> <span class='ocrx_word' id='word_1_222' title='bbox 630 3558 865 3637; x_wconf 87' lang='lat' dir='ltr'>predicatorem</span> <span class='ocrx_word' id='word_1_223' title='bbox 890 3579 955 3620; x_wconf 92' lang='grc'>11011</span> <span class='ocrx_word' id='word_1_224' title='bbox 980 3558 1076 3622; x_wconf 88' lang='lat' dir='ltr'>luisse</span> <span class='ocrx_word' id='word_1_225' title='bbox 1101 3579 1160 3621; x_wconf 92' lang='lat' dir='ltr'>nec</span> <span class='ocrx_word' id='word_1_226' title='bbox 1185 3579 1257 3621; x_wconf 91' lang='lat' dir='ltr'>esse</span> <span class='ocrx_word' id='word_1_227' title='bbox 1281 3559 1514 3622; x_wconf 90' lang='lat' dir='ltr'>hereticum</span> <span class='ocrx_word' id='word_1_228' title='bbox 1539 3571 1571 3622; x_wconf 92' lang='lat' dir='ltr'>et</span> <span class='ocrx_word' id='word_1_229' title='bbox 1595 3560 1677 3620; x_wconf 92' lang='lat' dir='ltr'>dnus</span> <span class='ocrx_word' id='word_1_230' title='bbox 1702 3559 1855 3622; x_wconf 90' lang='lat' dir='ltr'>Nicolaus</span> <span class='ocrx_word' id='word_1_231' title='bbox 1872 3560 1985 3639; x_wconf 92' lang='lat' dir='ltr'>petivit</span> 
     </span>
     <span class='ocr_line' id='line_1_26' title="bbox 436 3665 1984 3746; baseline 0 -20"><span class='ocrx_word' id='word_1_232' title='bbox 436 3665 648 3726; x_wconf 91' lang='lat' dir='ltr'>instrumenta</span> <span class='ocrx_word' id='word_1_233' title='bbox 671 3684 770 3745; x_wconf 91' lang='lat' dir='ltr'>super</span> <span class='ocrx_word' id='word_1_234' title='bbox 793 3685 848 3734; x_wconf 93' lang='lat' dir='ltr'>eo,</span> <span class='ocrx_word' id='word_1_235' title='bbox 884 3665 971 3746; x_wconf 93' lang='lat' dir='ltr'>quod</span> <span class='ocrx_word' id='word_1_236' title='bbox 997 3666 1080 3727; x_wconf 89' lang='lat' dir='ltr'>idem</span> <span class='ocrx_word' id='word_1_237' title='bbox 1104 3665 1264 3728; x_wconf 88' lang='lat' dir='ltr'>Iohannes</span> <span class='ocrx_word' id='word_1_238' title='bbox 1287 3667 1396 3728; x_wconf 82' lang='lat' dir='ltr'>ammo</span> <span class='ocrx_word' id='word_1_239' title='bbox 1420 3667 1593 3728; x_wconf 90' lang='lat' dir='ltr'>revocandi</span> <span class='ocrx_word' id='word_1_240' title='bbox 1618 3667 1732 3738; x_wconf 87' lang='lat' dir='ltr'>verba,</span> <span class='ocrx_word' id='word_1_241' title='bbox 1769 3666 1883 3746; x_wconf 88' lang='lat' dir='ltr'>quibus</span> <span class='ocrx_word' id='word_1_242' title='bbox 1907 3677 1984 3728; x_wconf 87' lang='lat' dir='ltr'>ante</span> 
     </span>
     <span class='ocr_line' id='line_1_27' title="bbox 434 3769 1985 3854; baseline 0.001 -22"><span class='ocrx_word' id='word_1_243' title='bbox 434 3769 560 3832; x_wconf 88' lang='lat' dir='ltr'>dixerat</span> <span class='ocrx_word' id='word_1_244' title='bbox 576 3771 714 3832; x_wconf 88' lang='lat' dir='ltr'>eundem</span> <span class='ocrx_word' id='word_1_245' title='bbox 731 3769 901 3833; x_wconf 91' lang='lat' dir='ltr'>Nicolaum</span> <span class='ocrx_word' id='word_1_246' title='bbox 925 3792 997 3834; x_wconf 90' lang='lat' dir='ltr'>esse</span> <span class='ocrx_word' id='word_1_247' title='bbox 1022 3770 1266 3846; x_wconf 84' lang='lat' dir='ltr'>hereticum,</span> <span class='ocrx_word' id='word_1_248' title='bbox 1293 3793 1377 3834; x_wconf 91' lang='lat' dir='ltr'>nunc</span> <span class='ocrx_word' id='word_1_249' title='bbox 1403 3775 1532 3854; x_wconf 84' lang='lat' dir='ltr'>negavit</span> <span class='ocrx_word' id='word_1_250' title='bbox 1549 3793 1622 3834; x_wconf 88' lang='lat' dir='ltr'>eum</span> <span class='ocrx_word' id='word_1_251' title='bbox 1639 3793 1710 3835; x_wconf 88' lang='lat' dir='ltr'>esse</span> <span class='ocrx_word' id='word_1_252' title='bbox 1734 3773 1985 3852; x_wconf 84' lang='lat' dir='ltr'>hereticum;</span> 
     </span>
     <span class='ocr_line' id='line_1_28' title="bbox 434 3877 984 3960; baseline -0.004 -20"><span class='ocrx_word' id='word_1_253' title='bbox 434 3877 639 3960; x_wconf 89' lang='lat' dir='ltr'>presentibus</span> <span class='ocrx_word' id='word_1_254' title='bbox 662 3877 778 3958; x_wconf 90' lang='lat' dir='ltr'>quibus</span> <span class='ocrx_word' id='word_1_255' title='bbox 801 3897 898 3960; x_wconf 89' lang='lat' dir='ltr'>supra</span> <span class='ocrx_word' id='word_1_256' title='bbox 922 3889 984 3940; x_wconf 90' lang='lat' dir='ltr'>etc.</span> 
     </span>
    </p>
   </div>
   <div class='ocr_carea' id='block_1_11' title="bbox 648 4087 1319 4172">
    <p class='ocr_par' dir='ltr' id='par_1_11' title="bbox 648 4087 1319 4172">
     <span class='ocr_line' id='line_1_29' title="bbox 648 4087 1319 4172; baseline 0.007 -23"><span class='ocrx_word' id='word_1_257' title='bbox 648 4087 691 4150; x_wconf 88' lang='lat' dir='ltr'>A.</span> <span class='ocrx_word' id='word_1_258' title='bbox 722 4102 821 4168; x_wconf 92' lang='grc'>1445,</span> <span class='ocrx_word' id='word_1_259' title='bbox 846 4089 1011 4152; x_wconf 86' lang='lat' dir='ltr'>Februarii</span> <span class='ocrx_word' id='word_1_260' title='bbox 1041 4104 1086 4169; x_wconf 89' lang='lat'>17,</span> <span class='ocrx_word' id='word_1_261' title='bbox 1111 4091 1141 4152; x_wconf 89' lang='lat' dir='ltr'>in</span> <span class='ocrx_word' id='word_1_262' title='bbox 1167 4091 1319 4172; x_wconf 80' lang='lat' dir='ltr'>capitulo</span> 
     </span>
    </p>
   </div>
   <div class='ocr_carea' id='block_1_12' title="bbox 433 4226 1988 4616">
    <p class='ocr_par' dir='ltr' id='par_1_12' title="bbox 433 4226 1988 4616">
     <span class='ocr_line' id='line_1_30' title="bbox 543 4226 1987 4314; baseline -0.001 -20"><span class='ocrx_word' id='word_1_263' title='bbox 543 4226 629 4295; x_wconf 86' lang='lat'>308.</span> <span class='ocrx_word' id='word_1_264' title='bbox 656 4227 706 4312; x_wconf 89' lang='lat' dir='ltr'>(ll.</span> <span class='ocrx_word' id='word_1_265' title='bbox 734 4232 809 4312; x_wconf 82' lang='lat'>50⁰).</span> <span class='ocrx_word' id='word_1_266' title='bbox 834 4227 915 4294; x_wconf 90' lang='lat' dir='ltr'>Item</span> <span class='ocrx_word' id='word_1_267' title='bbox 940 4233 1058 4294; x_wconf 89' lang='lat' dir='ltr'>ibidem</span> <span class='ocrx_word' id='word_1_268' title='bbox 1083 4235 1314 4295; x_wconf 89' lang='lat' dir='ltr'>commiserunt</span> <span class='ocrx_word' id='word_1_269' title='bbox 1337 4233 1403 4296; x_wconf 92' lang='lat' dir='ltr'>dno</span> <span class='ocrx_word' id='word_1_270' title='bbox 1430 4233 1469 4294; x_wconf 95' lang='lat' dir='ltr'>N.</span> <span class='ocrx_word' id='word_1_271' title='bbox 1494 4231 1721 4294; x_wconf 90' lang='lat' dir='ltr'>archidiacono</span> <span class='ocrx_word' id='word_1_272' title='bbox 1745 4231 1930 4314; x_wconf 91' lang='lat' dir='ltr'>impendere</span> <span class='ocrx_word' id='word_1_273' title='bbox 1946 4232 1987 4292; x_wconf 89' lang='lat' dir='ltr'>ad</span> 
     </span>
     <span class='ocr_line' id='line_1_31' title="bbox 435 4337 1988 4421; baseline 0.001 -22"><span class='ocrx_word' id='word_1_274' title='bbox 435 4339 507 4400; x_wconf 86' lang='lat' dir='ltr'>lites</span> <span class='ocrx_word' id='word_1_275' title='bbox 530 4339 598 4400; x_wconf 91' lang='lat' dir='ltr'>sive</span> <span class='ocrx_word' id='word_1_276' title='bbox 622 4338 663 4400; x_wconf 90' lang='lat' dir='ltr'>ad</span> <span class='ocrx_word' id='word_1_277' title='bbox 689 4339 846 4400; x_wconf 90' lang='lat' dir='ltr'>terminos</span> <span class='ocrx_word' id='word_1_278' title='bbox 878 4339 918 4401; x_wconf 92' lang='lat' dir='ltr'>de</span> <span class='ocrx_word' id='word_1_279' title='bbox 942 4339 1052 4412; x_wconf 91' lang='grc'>001113,</span> <span class='ocrx_word' id='word_1_280' title='bbox 1088 4360 1152 4421; x_wconf 90' lang='lat' dir='ltr'>que</span> <span class='ocrx_word' id='word_1_281' title='bbox 1182 4340 1281 4403; x_wconf 88' lang='lat' dir='ltr'>habet</span> <span class='ocrx_word' id='word_1_282' title='bbox 1312 4341 1394 4402; x_wconf 90' lang='lat' dir='ltr'>dnus</span> <span class='ocrx_word' id='word_1_283' title='bbox 1426 4337 1563 4400; x_wconf 90' lang='lat' dir='ltr'>lacobus</span> <span class='ocrx_word' id='word_1_284' title='bbox 1599 4337 1774 4416; x_wconf 80' lang='lat' dir='ltr'>Grandslry</span> <span class='ocrx_word' id='word_1_285' title='bbox 1803 4339 1835 4400; x_wconf 95' lang='lat' dir='ltr'>in</span> <span class='ocrx_word' id='word_1_286' title='bbox 1869 4337 1988 4419; x_wconf 89' lang='lat' dir='ltr'>Gorka,</span> 
     </span>
     <span class='ocr_line' id='line_1_32' title="bbox 433 4442 1987 4520; baseline 0.001 -14"><span class='ocrx_word' id='word_1_287' title='bbox 433 4445 518 4506; x_wconf 91' lang='lat' dir='ltr'>unde</span> <span class='ocrx_word' id='word_1_288' title='bbox 534 4446 616 4508; x_wconf 92' lang='lat' dir='ltr'>idem</span> <span class='ocrx_word' id='word_1_289' title='bbox 634 4444 716 4507; x_wconf 90' lang='lat' dir='ltr'>dnus</span> <span class='ocrx_word' id='word_1_290' title='bbox 734 4442 885 4518; x_wconf 89' lang='lat' dir='ltr'>Iacobus,</span> <span class='ocrx_word' id='word_1_291' title='bbox 910 4447 985 4508; x_wconf 91' lang='lat' dir='ltr'>dum</span> <span class='ocrx_word' id='word_1_292' title='bbox 1010 4447 1178 4511; x_wconf 89' lang='lat' dir='ltr'>habuisset</span> <span class='ocrx_word' id='word_1_293' title='bbox 1202 4448 1338 4510; x_wconf 89' lang='lat' dir='ltr'>eandem</span> <span class='ocrx_word' id='word_1_294' title='bbox 1363 4447 1487 4520; x_wconf 87' lang='lat' dir='ltr'>villam,</span> <span class='ocrx_word' id='word_1_295' title='bbox 1512 4457 1562 4508; x_wconf 92' lang='lat' dir='ltr'>est</span> <span class='ocrx_word' id='word_1_296' title='bbox 1586 4447 1703 4510; x_wconf 88' lang='lat' dir='ltr'>citatus</span> <span class='ocrx_word' id='word_1_297' title='bbox 1726 4447 1766 4508; x_wconf 86' lang='lat' dir='ltr'>ad</span> <span class='ocrx_word' id='word_1_298' title='bbox 1792 4446 1987 4508; x_wconf 91' lang='lat' dir='ltr'>iudicium</span> 
     </span>
     <span class='ocr_line' id='line_1_33' title="bbox 434 4551 1068 4616; baseline 0.003 -2"><span class='ocrx_word' id='word_1_299' title='bbox 434 4551 625 4614; x_wconf 91' lang='lat' dir='ltr'>seculare</span> <span class='ocrx_word' id='word_1_300' title='bbox 648 4552 690 4614; x_wconf 93' lang='lat' dir='ltr'>ad</span> <span class='ocrx_word' id='word_1_301' title='bbox 713 4555 868 4616; x_wconf 90' lang='lat' dir='ltr'>terminos</span> <span class='ocrx_word' id='word_1_302' title='bbox 892 4553 923 4614; x_wconf 92' lang='grc'>111</span> <span class='ocrx_word' id='word_1_303' title='bbox 948 4551 1068 4616; x_wconf 85' lang='lat' dir='ltr'>Srzem.</span> 
     </span>
    </p>
   </div>
   <div class='ocr_carea' id='block_1_13' title="bbox 647 4763 1316 4847">
    <p class='ocr_par' dir='ltr' id='par_1_13' title="bbox 647 4763 1316 4847">
     <span class='ocr_line' id='line_1_34' title="bbox 647 4763 1316 4847; baseline 0.003 -21"><span class='ocrx_word' id='word_1_304' title='bbox 647 4763 690 4826; x_wconf 88' lang='lat' dir='ltr'>A.</span> <span class='ocrx_word' id='word_1_305' title='bbox 720 4779 817 4846; x_wconf 84' lang='lat'>1445,</span> <span class='ocrx_word' id='word_1_306' title='bbox 842 4764 1007 4842; x_wconf 88' lang='lat' dir='ltr'>Februarii</span> <span class='ocrx_word' id='word_1_307' title='bbox 1037 4769 1091 4842; x_wconf 85' lang='lat'>18,</span> <span class='ocrx_word' id='word_1_308' title='bbox 1117 4767 1148 4828; x_wconf 92' lang='lat' dir='ltr'>in</span> <span class='ocrx_word' id='word_1_309' title='bbox 1171 4765 1316 4847; x_wconf 89' lang='lat' dir='ltr'>capitulo</span> 
     </span>
    </p>
   </div>
   <div class='ocr_carea' id='block_1_14' title="bbox 431 4902 1992 5634">
    <p class='ocr_par' dir='ltr' id='par_1_14' title="bbox 431 4902 1992 5634">
     <span class='ocr_line' id='line_1_35' title="bbox 542 4902 1986 4989; baseline -0.001 -19"><span class='ocrx_word' id='word_1_310' title='bbox 542 4902 629 4972; x_wconf 83' lang='lat'><strong>309.</strong></span> <span class='ocrx_word' id='word_1_311' title='bbox 653 4905 702 4986; x_wconf 85' lang='lat' dir='ltr'>(ll.</span> <span class='ocrx_word' id='word_1_312' title='bbox 729 4907 791 4988; x_wconf 91' lang='grc'>51).</span> <span class='ocrx_word' id='word_1_313' title='bbox 827 4907 953 4970; x_wconf 89' lang='lat' dir='ltr'>Eodem</span> <span class='ocrx_word' id='word_1_314' title='bbox 978 4909 1091 4970; x_wconf 93' lang='lat' dir='ltr'>die...</span> <span class='ocrx_word' id='word_1_315' title='bbox 1116 4909 1322 4988; x_wconf 90' lang='lat' dir='ltr'>presentibus</span> <span class='ocrx_word' id='word_1_316' title='bbox 1357 4907 1542 4981; x_wconf 91' lang='lat' dir='ltr'>Clemente,</span> <span class='ocrx_word' id='word_1_317' title='bbox 1581 4907 1775 4980; x_wconf 85' lang='lat' dir='ltr'>Wladislao,</span> <span class='ocrx_word' id='word_1_318' title='bbox 1811 4907 1986 4989; x_wconf 79' lang='lat' dir='ltr'>Czaczslry,</span> 
     </span>
     <span class='ocr_line' id='line_1_36' title="bbox 433 5012 1987 5096; baseline -0.001 -20"><span class='ocrx_word' id='word_1_319' title='bbox 433 5012 599 5094; x_wconf 85' lang='lat' dir='ltr'>Scothsky</span> <span class='ocrx_word' id='word_1_320' title='bbox 623 5025 656 5076; x_wconf 92' lang='lat' dir='ltr'>et</span> <span class='ocrx_word' id='word_1_321' title='bbox 679 5013 747 5076; x_wconf 86' lang='lat' dir='ltr'>aliis</span> <span class='ocrx_word' id='word_1_322' title='bbox 778 5015 885 5078; x_wconf 90' lang='lat' dir='ltr'>multis</span> <span class='ocrx_word' id='word_1_323' title='bbox 916 5015 1049 5096; x_wconf 90' lang='lat' dir='ltr'>prelatis</span> <span class='ocrx_word' id='word_1_324' title='bbox 1080 5027 1114 5078; x_wconf 92' lang='lat' dir='ltr'>et</span> <span class='ocrx_word' id='word_1_325' title='bbox 1137 5016 1301 5077; x_wconf 91' lang='lat' dir='ltr'>canonicis</span> <span class='ocrx_word' id='word_1_326' title='bbox 1336 5014 1418 5076; x_wconf 92' lang='lat' dir='ltr'>dnus</span> <span class='ocrx_word' id='word_1_327' title='bbox 1450 5013 1610 5076; x_wconf 88' lang='lat' dir='ltr'>lohannes</span> <span class='ocrx_word' id='word_1_328' title='bbox 1644 5014 1785 5077; x_wconf 87' lang='lat' dir='ltr'>decanus</span> <span class='ocrx_word' id='word_1_329' title='bbox 1816 5013 1987 5077; x_wconf 87' lang='lat' dir='ltr'>Wladisla-</span> 
     </span>
     <span class='ocr_line' id='line_1_37' title="bbox 431 5120 1986 5204; baseline -0.001 -21"><span class='ocrx_word' id='word_1_330' title='bbox 431 5121 551 5183; x_wconf 90' lang='lat' dir='ltr'>viensis</span> <span class='ocrx_word' id='word_1_331' title='bbox 574 5130 775 5201; x_wconf 86' lang='lat' dir='ltr'>protestatus</span> <span class='ocrx_word' id='word_1_332' title='bbox 798 5132 860 5194; x_wconf 90' lang='lat' dir='ltr'>est,</span> <span class='ocrx_word' id='word_1_333' title='bbox 886 5122 1022 5203; x_wconf 89' lang='lat' dir='ltr'>quodsi</span> <span class='ocrx_word' id='word_1_334' title='bbox 1047 5125 1217 5204; x_wconf 82' lang='lat' dir='ltr'>contingat</span> <span class='ocrx_word' id='word_1_335' title='bbox 1249 5123 1354 5202; x_wconf 89' lang='lat' dir='ltr'>ipsum</span> <span class='ocrx_word' id='word_1_336' title='bbox 1386 5123 1578 5202; x_wconf 88' lang='lat' dir='ltr'>participare</span> <span class='ocrx_word' id='word_1_337' title='bbox 1609 5120 1675 5182; x_wconf 90' lang='lat' dir='ltr'>dno</span> <span class='ocrx_word' id='word_1_338' title='bbox 1707 5121 1887 5202; x_wconf 83' lang='lat' dir='ltr'>Wyschote</span> <span class='ocrx_word' id='word_1_339' title='bbox 1917 5141 1986 5202; x_wconf 89' lang='lat' dir='ltr'>pre-</span> 
     </span>
     <span class='ocr_line' id='line_1_38' title="bbox 432 5227 1987 5311; baseline 0.001 -21"><span class='ocrx_word' id='word_1_340' title='bbox 432 5230 541 5310; x_wconf 88' lang='lat' dir='ltr'>posito</span> <span class='ocrx_word' id='word_1_341' title='bbox 564 5227 704 5290; x_wconf 89' lang='lat' dir='ltr'>Poznan.</span> <span class='ocrx_word' id='word_1_342' title='bbox 730 5229 761 5290; x_wconf 91' lang='lat' dir='ltr'>iu</span> <span class='ocrx_word' id='word_1_343' title='bbox 784 5228 893 5310; x_wconf 92' lang='lat' dir='ltr'>aliquo</span> <span class='ocrx_word' id='word_1_344' title='bbox 916 5240 991 5291; x_wconf 86' lang='lat' dir='ltr'>actu</span> <span class='ocrx_word' id='word_1_345' title='bbox 1016 5229 1168 5311; x_wconf 74' lang='lat' dir='ltr'>legitimo</span> <span class='ocrx_word' id='word_1_346' title='bbox 1204 5227 1353 5290; x_wconf 92' lang='lat' dir='ltr'>videlicet</span> <span class='ocrx_word' id='word_1_347' title='bbox 1377 5229 1408 5290; x_wconf 93' lang='lat' dir='ltr'>in</span> <span class='ocrx_word' id='word_1_348' title='bbox 1432 5229 1582 5309; x_wconf 89' lang='lat' dir='ltr'>capitulo,</span> <span class='ocrx_word' id='word_1_349' title='bbox 1611 5229 1699 5301; x_wconf 89' lang='lat' dir='ltr'>cibo,</span> <span class='ocrx_word' id='word_1_350' title='bbox 1736 5240 1831 5310; x_wconf 92' lang='lat' dir='ltr'>potu,</span> <span class='ocrx_word' id='word_1_351' title='bbox 1867 5229 1987 5310; x_wconf 87' lang='lat' dir='ltr'>tabula,</span> 
     </span>
     <span class='ocr_line' id='line_1_39' title="bbox 435 5317 1988 5416; baseline 0 -18"><span class='ocrx_word' id='word_1_352' title='bbox 435 5357 493 5416; x_wconf 92' lang='lat' dir='ltr'>per</span> <span class='ocrx_word' id='word_1_353' title='bbox 516 5335 580 5396; x_wconf 91' lang='lat' dir='ltr'>hoc</span> <span class='ocrx_word' id='word_1_354' title='bbox 604 5317 831 5399; x_wconf 47' lang='lat' dir='ltr'>non&#39;intendit</span> <span class='ocrx_word' id='word_1_355' title='bbox 854 5337 1005 5398; x_wconf 90' lang='lat' dir='ltr'>recedere</span> <span class='ocrx_word' id='word_1_356' title='bbox 1036 5337 1077 5398; x_wconf 89' lang='lat' dir='ltr'>ab</span> <span class='ocrx_word' id='word_1_357' title='bbox 1102 5337 1220 5398; x_wconf 89' lang='lat' dir='ltr'>iniuriis</span> <span class='ocrx_word' id='word_1_358' title='bbox 1245 5355 1305 5398; x_wconf 89' lang='lat' dir='ltr'>nec</span> <span class='ocrx_word' id='word_1_359' title='bbox 1328 5335 1371 5398; x_wconf 87' lang='lat' dir='ltr'>ab</span> <span class='ocrx_word' id='word_1_360' title='bbox 1394 5337 1526 5396; x_wconf 91' lang='lat' dir='ltr'>accione</span> <span class='ocrx_word' id='word_1_361' title='bbox 1558 5336 1739 5398; x_wconf 92' lang='lat' dir='ltr'>iniuriarum</span> <span class='ocrx_word' id='word_1_362' title='bbox 1770 5347 1884 5398; x_wconf 91' lang='lat' dir='ltr'>contra</span> <span class='ocrx_word' id='word_1_363' title='bbox 1914 5357 1988 5398; x_wconf 91' lang='lat' dir='ltr'>eun·</span> 
     </span>
     <span class='ocr_line' id='line_1_40' title="bbox 431 5441 1988 5524; baseline 0.001 -20"><span class='ocrx_word' id='word_1_364' title='bbox 431 5443 506 5504; x_wconf 91' lang='lat' dir='ltr'>dem</span> <span class='ocrx_word' id='word_1_365' title='bbox 530 5441 629 5504; x_wconf 91' lang='lat' dir='ltr'>dnum</span> <span class='ocrx_word' id='word_1_366' title='bbox 657 5442 866 5524; x_wconf 90' lang='lat' dir='ltr'>prepositum,</span> <span class='ocrx_word' id='word_1_367' title='bbox 901 5453 934 5506; x_wconf 92' lang='lat' dir='ltr'>et</span> <span class='ocrx_word' id='word_1_368' title='bbox 958 5442 1103 5505; x_wconf 92' lang='lat' dir='ltr'>similiter</span> <span class='ocrx_word' id='word_1_369' title='bbox 1138 5443 1221 5504; x_wconf 92' lang='lat' dir='ltr'>dnus</span> <span class='ocrx_word' id='word_1_370' title='bbox 1250 5444 1436 5524; x_wconf 92' lang='lat' dir='ltr'>propositus</span> <span class='ocrx_word' id='word_1_371' title='bbox 1471 5452 1672 5524; x_wconf 87' lang='lat' dir='ltr'>protestatus</span> <span class='ocrx_word' id='word_1_372' title='bbox 1707 5453 1765 5516; x_wconf 88' lang='lat' dir='ltr'>est,</span> <span class='ocrx_word' id='word_1_373' title='bbox 1796 5455 1830 5506; x_wconf 93' lang='lat' dir='ltr'>et</span> <span class='ocrx_word' id='word_1_374' title='bbox 1853 5443 1988 5524; x_wconf 92' lang='lat' dir='ltr'>quilibet</span> 
     </span>
     <span class='ocr_line' id='line_1_41' title="bbox 437 5549 1992 5634; baseline 0.002 -23"><span class='ocrx_word' id='word_1_375' title='bbox 437 5552 580 5634; x_wconf 84' lang='lat' dir='ltr'>ipsorum</span> <span class='ocrx_word' id='word_1_376' title='bbox 605 5549 719 5630; x_wconf 90' lang='lat' dir='ltr'>petivit</span> <span class='ocrx_word' id='word_1_377' title='bbox 743 5551 953 5612; x_wconf 89' lang='lat' dir='ltr'>instrumenta</span> <span class='ocrx_word' id='word_1_378' title='bbox 977 5561 1039 5612; x_wconf 92' lang='lat' dir='ltr'>etc.</span> <span class='ocrx_word' id='word_1_379' title='bbox 1076 5549 1169 5612; x_wconf 91' lang='lat' dir='ltr'>Dnus</span> <span class='ocrx_word' id='word_1_380' title='bbox 1200 5551 1341 5612; x_wconf 88' lang='lat' dir='ltr'>decanus</span> <span class='ocrx_word' id='word_1_381' title='bbox 1365 5549 1526 5612; x_wconf 88' lang='lat' dir='ltr'>estimavit</span> <span class='ocrx_word' id='word_1_382' title='bbox 1557 5550 1700 5612; x_wconf 90' lang='lat' dir='ltr'>iniuriam</span> <span class='ocrx_word' id='word_1_383' title='bbox 1732 5551 1772 5612; x_wconf 92' lang='lat' dir='ltr'>ad</span> <span class='ocrx_word' id='word_1_384' title='bbox 1803 5570 1863 5612; x_wconf 88' lang='lat' dir='ltr'>sex</span> <span class='ocrx_word' id='word_1_385' title='bbox 1894 5551 1992 5614; x_wconf 89' lang='lat' dir='ltr'>millia</span> 
     </span>
    </p>
   </div>
   <div class='ocr_carea' id='block_1_15' title="bbox 0 0 2236 6356">
    <p class='ocr_par' dir='ltr' id='par_1_15' title="bbox 0 0 2236 6356">
     <span class='ocr_line' id='line_1_42' title="bbox 0 0 2236 6356; baseline 0 0"><span class='ocrx_word' id='word_1_386' title='bbox 0 0 2236 6356; x_wconf 95' lang='lat' dir='ltr'> </span> 
     </span>
    </p>
   </div>
  </div>
 </body>
</html>
