4390 6368
473 582 538 648 226
972 580 1066 636 nean
1085 577 1248 638 castrum
1267 577 1521 638 POZNANIENSIS

1589 683 1609 686 -
1617 683 1623 687 .
1631 673 2021 688 .-...—-——n-u2....4.-...n·-²..-.*-a··u

471 799 670 878 equitaturos
693 819 799 862 vener.
823 799 905 862 dnos
926 803 1129 881 prepositum
1152 811 1185 864 et
1208 799 1468 864 archidiaconum
1490 799 1629 864 Poznan.
1652 823 1691 864 ac
1714 799 1852 886 Olesky‚
1876 799 2019 880 Gunycz·

471 905 534 986 sky
558 917 591 970 et
613 905 752 987 Mileslry
776 909 951 970 canonicos
975 906 1113 971 Poznan.
1138 919 1171 972 et
1194 908 1257 970 illic
1280 929 1315 972 se
1340 911 1470 972 nomine
1499 929 1611 972 eorum
1643 921 1675 972 et
1698 911 1799 972 totius
1822 909 1952 990 capituli
1975 929 2021 970 re·

472 1023 718 1093 presentaturos
742 1061 767 1076 ..

685 1203 728 1268 A.
758 1221 854 1288 1523,
878 1205 985 1271 Martii
1007 1225 1045 1286 4,
1071 1209 1102 1270 in
1119 1209 1279 1290 capitulo.

583 1343 692 1412 1124.
717 1347 806 1410 VIII.
836 1351 915 1430 173).
950 1349 1073 1413 Ibidem
1097 1349 1175 1434 [dni]
1201 1352 1414 1416 decreverunt
1449 1361 1573 1414 statuto
1597 1352 1718 1415 dudum
1743 1373 1841 1434 super
1864 1371 1904 1414 eo
1927 1351 2020 1422 edito,

472 1474 512 1517 ne
536 1455 609 1518 ville
634 1455 892 1536 prestimoniales
918 1478 975 1538 per
998 1457 1140 1539 aliquem
1164 1459 1301 1521 dnorum
1333 1460 1514 1540 regentium
1546 1459 1818 1522 secularibus
1842 1459 2021 1520 locarentur

471 1581 527 1622 seu
552 1561 790 1626 arendarcntur.
815 1563 858 1626 Et
882 1563 1001 1628 ibidem
1027 1566 1261 1630 mandaverunt
1286 1566 1369 1628 dnos
1402 1565 1592 1648 Goreczsky
1620 1576 1654 1629 et
1677 1566 1886 1654 Isdbyensky
1910 1565 2020 1628 litteris

470 1668 658 1740 avisandos‚
683 1681 717 1731 ut
741 1671 832 1732 villas
856 1673 903 1732 sui
928 1673 1092 1752 regiminIs
1116 1673 1313 1736 secularibus
1331 1675 1479 1754 personis
1497 1674 1619 1737 locatas
1635 1685 1826 1738 revocarent
1842 1685 1875 1736 et
1890 1671 2019 1735 eosdem

470 1775 630 1856 aliquibus
654 1776 694 1838 de
718 1779 843 1858 gremio
868 1779 999 1859 capituli
1023 1781 1113 1842 iuxta
1136 1791 1292 1844 statutum
1317 1782 1569 1844 committerent.

586 1913 694 1982 1125.
719 1917 828 2000 (lbra).
852 1919 974 1984 Ibidem
999 1921 1228 1994 decreverunt,
1262 1933 1297 1984 ut
1321 1922 1361 1986 de
1385 1922 1537 1986 omnibus
1561 1925 1647 2005 agris
1672 1923 1808 1986 desertis
1832 1921 2019 1984 kmethona·

471 2021 569 2096 libus,
595 2043 653 2106 per
676 2044 900 2108 quemcunque
924 2029 1050 2091 etiamsi
1076 2049 1133 2109 per
1157 2029 1241 2092 dnos
1270 2040 1422 2112 regentes
1455 2030 1614 2104 colendis,
1649 2032 1729 2094 alias
1754 2032 1844 2092 iuxta
1866 2037 2020 2092 statutum

472 2129 608 2194 ecclesie
632 2131 778 2195 solvatur
802 2153 918 2197 census
942 2135 1095 2216 capitulo.

586 2269 696 2338 11211.
720 2273 830 2356 (ibid).
854 2273 976 2338 Ibidem
1001 2277 1214 2341 decreverunt
1240 2279 1280 2340 de
1304 2290 1416 2342 cetero
1447 2279 1701 2352 observandum,
1734 2289 1769 2340 ut
1792 2278 1847 2340 dni
1870 2286 2021 2358 regentes

472 2377 593 2442 edificia
617 2379 829 2445 irmethonum
855 2384 914 2446 sub
939 2385 1094 2466 regimine
1130 2385 1273 2464 ipsorum
1307 2387 1471 2449 destructa
1505 2397 1676 2450 teneantur
1711 2387 1841 2466 propria
1878 2386 2022 2464 impensa

471 2497 660 2550 restaurare.
686 2487 751 2550 Ubi
775 2511 853 2552 vero
877 2491 917 2552 de
942 2511 1029 2553 novo
1055 2493 1188 2554 Irmetho
1213 2494 1243 2554 in
1268 2513 1348 2574 agro
1374 2495 1540 2556 desertato
1558 2493 1733 2566 locaretur,
1757 2491 1932 2574 capitulum
1950 2509 2020 2552 cum

470 2605 605 2676 regente
630 2595 718 2658 iuxta
743 2605 898 2660 statutum
925 2598 1104 2680 Impensam
1129 2598 1233 2662 facere
1258 2601 1430 2664 tenebitur.

685 2805 727 2871 A.
756 2821 855 2888 1523,
881 2805 1084 2890 Septembris
1109 2813 1166 2884 28,
1192 2812 1222 2874 in
1246 2812 1397 2893 capitulo.

582 2943 693 3014 1127.
718 2947 818 3028 (VIII.
848 2949 917 3031 182)
942 2999 971 3014 ..
996 2949 1116 3014 Vener.
1143 2951 1320 3016 Anzelmus
1345 2966 1476 3028 cantor,
1500 2953 1661 3018 Iohannes
1684 2952 1900 3035 Slawyensky
1923 2951 2024 3015 archi·

471 3051 625 3116 diaconus
649 3054 854 3126 Pczevensis,
879 3056 1041 3122 iohannes
1065 3057 1291 3142 Charbowsky
1308 3059 1516 3124 cancellarius
1532 3063 1734 3142 vicariusque
1752 3061 1783 3122 in
1800 3060 2024 3142 Spiritualibus

470 3171 503 3222 et
527 3159 671 3224 officialis
695 3161 870 3244 generalis,
907 3163 965 3226 iob
990 3165 1219 3248 Roszkowslry
1243 3179 1276 3231 et
1300 3167 1453 3232 Nicolaus
1486 3165 1612 3249 Oleslry
1636 3167 1751 3249 aliique
1775 3169 1829 3230 dni
1853 3166 1968 3248 prelati
1992 3177 2024 3228 et

470 3269 616 3332 canonici
639 3268 775 3332 ecclesie
810 3269 1039 3335 Poznaniensis
1065 3276 1356 3340 ..constituerunt
1382 3323 1411 3338 ..
1437 3297 1545 3339 vener.
1571 3277 1654 3339 dnos
1689 3275 1865 3338 Iohannem
1890 3273 2024 3355 Gorslry

470 3375 730 3441 archidiaconum
755 3387 788 3440 et
812 3378 986 3442 Martinum
1009 3377 1257 3463 Swyacziczslry
1281 3384 1473 3445 canonicum
1497 3383 1635 3446 Poznan.
1661 3383 1762 3446 ituros
1787 3383 1917 3444 nomine
1942 3383 2025 3463 ipso-

470 3503 539 3546 rum
564 3483 605 3546 ad
629 3485 824 3548 sinodum
849 3487 1161 3568 provincialem
1195 3487 1274 3550 feria
1300 3491 1364 3568 3tia
1388 3502 1465 3571 post
1489 3489 1562 3553 sest.
1586 3511 1611 3554 s.
1637 3489 1799 3552 Francisci
1824 3509 1917 3571 prox.
1944 3489 2027 3552 futu-

470 3609 539 3653 rum
564 3589 804 3666 celebrandam,
829 3593 951 3656 eisdem
975 3596 1193 3658 omnimodam
1220 3606 1416 3678 potestatem
1441 3607 1474 3662 et
1497 3597 1684 3662 facultatem
1707 3597 1937 3660 concedendo.
1952 3645 1981 3659 ..

581 3729 691 3800 1128.
715 3735 827 3818 (ibid).
853 3735 976 3800 Ibidem
1000 3738 1116 3820 prefati
1140 3739 1194 3801 dni
1219 3739 1458 3822 deputaverunt
1475 3741 1573 3803 dnum
1589 3740 1799 3804 Benedictum
1816 3740 2026 3821 Isdbyenslry

469 3841 659 3904 canonicum
684 3841 821 3906 Poznan.
846 3845 963 3906 iturum
989 3846 1020 3908 in
1045 3848 1184 3928 negotih
1220 3849 1363 3928 ipsorum
1387 3849 1428 3910 ad
1463 3849 1798 3912 conventionem
1821 3851 1860 3911 in
1883 3848 2026 3929 Pyotr-

469 3945 558 4010 kow
593 3969 685 4031 prox.
710 3949 956 4026 celebrandam,
993 3975 1057 4036 que
1089 3953 1211 4018 habent
1236 3955 1287 4017 vel
1311 3953 1450 4018 habituri
1485 3967 1579 4018 erunt
1615 3959 1755 4018 maxIme
1794 3975 1866 4017 cum
1900 3956 2026 4048 civibus

469 4053 616 4128 Poznan.,
641 4057 691 4120 cui
715 4057 762 4121 VI
787 4079 912 4122 marcas
936 4059 1042 4123 daturi
1066 4073 1160 4124 erunt
1184 4073 1217 4124 et
1240 4063 1438 4143 presentiam
1462 4083 1520 4144 per
1542 4062 1573 4124 II
1596 4065 1812 4144 septimanas,
1848 4082 1922 4125 cum
1947 4071 2028 4144 aget

470 4163 602 4244 negotia
625 4163 760 4228 illorum.

682 4373 724 4438 A.
754 4389 849 4456 1523,
874 4375 1031 4442 Octobris
1056 4395 1114 4452 20,
1139 4379 1170 4441 In
1195 4379 1346 4460 capitulo.

583 4512 817 4598 1129.(V111.
848 4519 918 4602 183)
942 4567 970 4584 ..
996 4520 1117 4583 Vener.
1142 4521 1197 4582 dni
1223 4571 1248 4586 ..
1273 4521 1566 4604 deputaverunt..
1590 4543 1699 4586 vener.
1731 4523 1814 4585 dnos
1845 4521 2027 4584 Iohannem

476 4621 608 4706 Gorsky
656 4623 933 4700 archidiaconum,
981 4626 1159 4690 iohannem
1204 4627 1438 4711 Carnkowslry,
1483 4629 1694 4692 Benedictum
1738 4629 1949 4711 Isdbyensky
1996 4637 2030 4690 et

470 4728 648 4793 Iohannem
684 4730 873 4816 Lubowslry
910 4735 951 4798 ad
983 4733 1128 4798 sinodi
1162 4755 1256 4816 prox.
1293 4736 1324 4798 in
1361 4735 1562 4798 Lancicia
1592 4745 1754 4800 transacte
1782 4735 2028 4799 conclusionem

469 4835 496 4900 P
503 4839 736 4918 yotrkovie
760 4841 821 4903 sub
844 4845 1063 4904 conventione
1087 4843 1231 4924 presenti
1256 4843 1399 4925 generali
1423 4842 1603 4906 iaciendum
1627 4864 1666 4905 ac
1689 4843 1782 4906 Rmis
1797 4843 1871 4923 dnis
1887 4843 1971 4924 Epis
1987 4863 2026 4904 ac

468 4947 588 5010 nuntiis
610 4945 742 5009 aliarum
767 4949 974 5011 ecclesiarum
1007 4951 1173 5031 provincie
1208 4947 1329 5012 Gnezn.
1354 4951 1571 5014 assistendum
1594 4961 1628 5014 et
1651 4971 1723 5013 cum
1746 4952 1792 5012 eis
1816 4951 2026 5014 tractandum

467 5063 500 5116 et
524 5053 757 5117 consulendum
781 5055 822 5118 de
846 5055 993 5119 faciendo
1030 5055 1116 5118 licito
1140 5067 1174 5118 et
1198 5055 1339 5120 honesto
1374 5059 1544 5120 caritativo
1579 5057 1724 5120 subsidio
1746 5077 1808 5138 pro
1831 5057 2029 5120 defensione

467 5159 657 5241 Reipublice
681 5181 719 5223 ac
743 5163 843 5225 modo
866 5172 900 5224 et
923 5183 1020 5224 causa
1056 5162 1201 5225 eiusdem
1236 5163 1369 5226 subsidii
1401 5173 1433 5226 et
1457 5165 1566 5226 omnia
1602 5164 1663 5226 alia
1698 5165 1776 5227 citra
1812 5165 2028 5244 preiudicium

467 5265 626 5330 libertatis
647 5267 867 5332 ecclesiastice
891 5268 1072 5331 iaciendum
1086 5317 1115 5332 ..
1142 5267 1308 5332 Hesterno
1331 5269 1383 5332 die
1409 5269 1557 5333 videlicet
1581 5269 1660 5333 XIX
1683 5267 1883 5334 Octobris..
1907 5270 2028 5351 prefati

465 5395 572 5437 vener.
596 5375 650 5438 dni
674 5376 913 5457 deputaverunt
938 5424 967 5438 ..
991 5377 1022 5437 ln
1047 5395 1125 5438 suos
1149 5389 1377 5456 procuratores
1401 5426 1427 5440 ..
1453 5378 1484 5440 in
1508 5379 1643 5460 negotio
1666 5378 1827 5459 ipsorum,
1859 5377 1950 5459 quod
1977 5377 2029 5438 ba·

466 5481 562 5546 bituri
586 5493 662 5546 sunt
686 5483 717 5546 in
742 5485 886 5567 presenti
921 5483 1212 5545 conventione
1241 5482 1584 5565 Pyotrkoviensi
1607 5495 1640 5547 et
1663 5503 1736 5546 cum
1759 5484 1827 5548 dno
1850 5487 2029 5566 capitaneo

466 5601 499 5658 et
523 5610 596 5652 cum
620 5591 743 5654 ciuibus
768 5591 906 5652 Poznan.
930 5609 1040 5652 vener.
1065 5589 1148 5653 dnos
1174 5589 1352 5654 Iohannem
1377 5589 1510 5674 Gorslry
1538 5591 1815 5665 archidiaconum,
1850 5593 1902 5654 cui
1926 5591 2028 5676 depu
