4416 6366
925 599 1014 650 ANNI
1034 599 1111 652 1458.
1752 615 1794 681 97

244 815 276 876 in
310 813 450 878 Curia
485 815 696 877 Romana
731 813 869 876 eundem
900 813 941 874 ad
974 833 1088 874 omnes
1119 813 1365 876 distribuciones
1396 814 1616 894 quottidianas
1647 825 1680 876 et
1704 824 1795 876 actus

205 909 209 915 ¹
243 922 438 1002 capitulares
462 921 669 984 admiserunt.
701 955 703 959 v

457 1131 499 1195 A.
531 1134 621 1212 1458,
646 1131 848 1212 Septembris
877 1149 923 1206 11,
948 1133 979 1194 in
1004 1131 1155 1214 capitulo

349 1271 438 1340 504.
461 1273 511 1353 (ll.
536 1277 613 1354 205)
628 1323 656 1337 ..
681 1275 801 1338 Vener.
827 1275 881 1336 dni
906 1275 1017 1336 Petrus
1042 1285 1163 1342 cantor.
1188 1273 1342 1334 Nicolaus
1366 1283 1486 1347 custos,
1520 1273 1653 1347 Hector,
1682 1274 1795 1336 Sandi-

243 1383 367 1464 vogius
393 1381 541 1460 Chibsky
565 1393 598 1444 et
622 1401 703 1463 mgr.
729 1381 926 1443 Nicolaus..
959 1383 1175 1452 attendentes,
1199 1381 1286 1460 quod
1311 1381 1364 1442 dni
1389 1381 1525 1442 lacobus
1550 1381 1740 1444 scolasticus
1764 1394 1796 1444 et

242 1488 422 1552 Stanislaus
438 1488 732 1568 Dobyeschewsly
749 1489 955 1552 medietatem
973 1508 1125 1550 censuum
1144 1489 1184 1549 de
1201 1489 1344 1567 ipsorum
1367 1487 1528 1550 beneficiis
1546 1509 1605 1568 pro
1623 1491 1796 1570 reipublice

243 1597 436 1658 necessitate
460 1595 636 1668 solverunt,
661 1596 819 1658 eisdem
843 1596 1074 1659 collectam
1098 1618 1158 1678 pro
1183 1595 1222 1658 R.
1247 1595 1316 1658 Mte
1333 1597 1528 1676 impositam,
1553 1596 1673 1658 Iacobo
1691 1598 1731 1658 ad
1748 1597 1795 1658 IV

242 1715 275 1766 et
298 1701 460 1766 Stanislao
484 1703 525 1765 ad
548 1701 712 1776 Vll'flor„
737 1704 997 1766 moderaverunt.

455 1914 499 1976 A.
530 1917 621 1993 1458,
644 1912 846 1996 Septembris
875 1931 921 1993 19,
946 1917 977 1976 in
1002 1915 1153 1996 capitulo.

353 2051 441 2120 505.
467 2055 517 2134 (ll.
545 2057 662 2135 206)..
688 2055 808 2118 Vener.
834 2068 943 2136 patres
968 2067 1000 2118 et
1024 2057 1078 2117 dni
1102 2055 1212 2117 Adam
1237 2057 1386 2129 decanus,
1412 2057 1566 2120 Nicolaus
1590 2069 1709 2130 custos
1733 2057 1796 2121 Sta-

242 2165 361 2226 nislaus
385 2162 591 2237 Srzemensis,
617 2164 813 2227 Vincencius
837 2164 1036 2225 Pczewensis
1064 2163 1287 2236 archidiaconi,
1321 2163 1568 2245 Twardowsley,
1602 2165 1796 2245 Wyskotha,

241 2270 466 2352 Sandivogius
495 2269 674 2333 Stanislaus
706 2283 739 2334 et
770 2291 852 2352 mgr.
885 2271 1082 2332 Nicolaus..
1116 2271 1236 2333 Iacobo
1268 2271 1441 2334 scolastico
1473 2272 1704 2334 collectam
1737 2293 1796 2354 pro

242 2377 281 2440 R.
307 2379 376 2441 Mte
400 2379 585 2458 impositam
609 2389 642 2441 et
666 2399 763 2458 super
787 2398 845 2459 per
868 2378 1042 2459 capitulum
1068 2378 1269 2442 moderatam
1292 2379 1325 2440 in
1348 2389 1421 2442 toto
1444 2379 1644 2442 dimiserunt.

456 2587 500 2651 A.
529 2591 621 2667 1458,
645 2587 846 2670 Septembris
872 2606 922 2669 30,
948 2590 979 2650 in
1003 2589 1157 2670 capitulo.

350 2727 436 2794 500.
462 2729 508 2812 (ll.
536 2733 622 2810 206).
653 2732 733 2794 Item
758 2733 824 2794 dno
848 2731 1036 2794 Bernhardo
1061 2732 1219 2793 canonico
1243 2731 1474 2794 collectam
1499 2753 1558 2813 pro
1583 2733 1622 2794 R.
1651 2731 1720 2794 hlte
1744 2733 1797 2792 im-

241 2839 380 2920 positam
406 2839 436 2900 in
461 2848 533 2900 toto
558 2839 754 2912 dimiserunt,
779 2850 903 2902 attenta
927 2840 1027 2920 ipsius
1051 2840 1240 2919 captivitate
1263 2849 1296 2902 et
1320 2841 1557 2902 attenuacione.

455 3047 497 3112 A.
528 3052 618 3128 1458,
643 3049 839 3156 Novembris
868 3065 914 3129 15,
940 3051 970 3111 111
995 3050 1137 3131 capitulo
1161 3051 1314 3132 generali.

350 3187 436 3254 507.
462 3190 509 3272 (ΙΙ.
536 3191 663 3271 2060)..
688 3191 831 3254 Rmus..
856 3193 938 3254 dnus
962 3191 1113 3254 Andreas
1138 3193 1178 3254 de
1202 3193 1297 3274 Bnyn
1322 3193 1352 3256 d.
1378 3214 1409 3274 g.
1434 3193 1524 3274 Epus
1542 3213 1668 3254 necnon
1686 3213 1793 3255 vener.

240 3309 351 3378 patres
375 3308 407 3360 et
431 3299 485 3359 dni
509 3297 619 3359 Adam
644 3298 800 3371 decanus,
832 3299 987 3360 Nicolaus
1019 3301 1059 3361 de
1084 3297 1301 3362 Glambocecz
1325 3300 1585 3374 archidiaconus,
1617 3300 1731 3363 Petrus
1755 3300 1796 3360 de

240 3404 386 3485 Pnyewy
410 3415 532 3476 cantor,
557 3403 712 3466 Nicolaus
736 3405 776 3466 de
800 3404 950 3468 Sobotha
974 3407 1100 3485 ¹custos,
1129 3407 1265 3468 vicarius
1289 3408 1319 3468 in
1343 3405 1570 3488 Spiritualibus
1594 3417 1627 3470 et
1650 3407 1794 3469 officialis

241 3511 416 3592 generalis,
449 3511 586 3573 Iacobus
611 3511 651 3574 de
675 3511 873 3593 Wigonowo
898 3513 1102 3586 scolasticus,
1134 3513 1330 3577 Vincencius
1354 3514 1394 3576 de
1418 3514 1621 3577 Strzalkowo
1645 3513 1795 3576 archidia-

241 3639 342 3680 conus
358 3617 573 3692 Pczewensis,
599 3619 730 3690 Hector,
751 3617 902 3682 Clemens
919 3620 959 3681 de
977 3620 1163 3690 Drzevicza,
1188 3620 1346 3693 Mathias,
1370 3621 1531 3684 Iohannes
1548 3621 1794 3701 Twardowsky‚

240 3725 443 3806 Wyskotha,
468 3723 700 3808 Sandivogius,
727 3726 883 3808 Chibsky,
915 3726 1076 3790 lohannes
1100 3728 1141 3788 de
1165 3726 1397 3800 Glambocecz,
1431 3729 1585 3810 Nicolaus
1609 3727 1795 3808 Spiczimiti,

240 3831 395 3894 Nicolaus
419 3833 459 3894 de
484 3831 621 3895 Czechel
645 3834 848 3896 decretorum
873 3835 1040 3908 doctores,
1063 3833 1242 3897 Stanislaus
1266 3836 1306 3896 de
1332 3835 1591 3916 Dobyeschewo,
1615 3833 1795 3898 Stanislaus

241 3939 281 4000 de
304 3939 499 4008 Pleschewo,
531 3939 668 4002 Iacobus
701 3939 978 4020 Dominicowsky,
1010 3941 1171 4003 lohannes
1203 3942 1427 4015 cancellarius,
1461 3962 1542 4024 mgr.
1575 3942 1729 4004 Nicolaus
1754 3943 1794 4004 de

240 4045 364 4109 Costen
388 4045 590 4108 decretorum
615 4048 739 4120 doctor,
764 4045 940 4128 Gregorius
964 4047 1004 4110 de
1029 4047 1153 4128 Skolry,
1179 4069 1260 4130 mgr.
1278 4049 1520 4128 Dobrogostius
1545 4050 1585 4110 de
1607 4047 1794 4130 Syracow0,

241 4153 377 4215 lacobus
401 4153 441 4215 de
466 4153 672 4235 Wigonowo,
700 4154 851 4216 Andreas
875 4155 915 4216 de
939 4156 1111 4236 Rogalin0,
1143 4156 1347 4217 Bernhardus
1377 4157 1418 4218 de
1450 4155 1650 4217 Bruczkowo
1684 4167 1717 4218 et
1749 4155 1795 4217 Io·

239 4261 362 4323 hannes
387 4261 426 4322 de
451 4260 596 4340 Popowo
621 4261 735 4341 prelati
760 4273 793 4323 et
816 4263 962 4323 canonici
987 4263 1122 4324 ecclesie
1146 4263 1285 4324 Poznan.
1318 4263 1554 4342 capitulum
1587 4263 1795 4344 generale

240 4389 300 4448 pro
324 4368 408 4430 festo
432 4368 463 4431 b.
489 4369 617 4431 Martini
641 4367 836 4430 confessoris
861 4369 1063 4431 celebrantes
1086 4371 1152 4430 dno
1177 4369 1339 4432 Stanislao
1363 4371 1404 4431 de
1429 4370 1681 4450 Dobyeschewo
1702 4390 1795 4431 cano·

240 4477 313 4536 nico
338 4475 487 4536 excidere
515 4477 632 4538 robora
664 4475 704 4536 ad
736 4473 917 4538 Gluchowo
949 4497 1046 4557 super
1077 4477 1297 4539 Posczukowo
1328 4489 1361 4540 et
1392 4477 1433 4538 ad
1465 4475 1664 4539 Chartkowo
1697 4497 1795 4557 super

238 4581 422 4663 Regalinco
447 4583 657 4646 indulserunt.
1190 4567 1194 4576 ¹

452 4793 494 4856 A.
526 4795 616 4873 1458,
641 4794 836 4856 Novembris
866 4809 911 4874 17,
936 4797 966 4856 in
992 4795 1133 4875 capitulo
1159 4795 1309 4876 generali.

348 4931 434 5000 508.
467 4935 517 5016 (ΙΙ.
543 4937 625 5016 207).
658 4935 738 4998 Item
770 4938 1005 5010 concluserunt,
1030 4938 1118 5017 quod
1143 4937 1300 4998 habentes
1324 4935 1446 4998 edificia
1472 4957 1667 5018 quocunque
1692 4957 1792 5016 penes

237 5041 407 5104 eeclesiam
442 5043 650 5106 straminibus
686 5054 772 5106 tecta
807 5055 922 5124 tegant
945 5065 983 5106 ea
1025 5046 1192 5106 scilindriis
1227 5044 1301 5106 hinc
1332 5045 1372 5105 ad
1405 5044 1581 5124 capitulum
1615 5064 1675 5124 pro
1708 5043 1792 5104 festo

237 5149 464 5230 apostolorum
489 5151 640 5230 proximo
666 5163 801 5212 venturo
826 5151 885 5212 sub
910 5171 994 5232 pena
1018 5153 1109 5213 unius
1135 5153 1249 5233 lapidis
1273 5171 1355 5213 cere.

451 5359 494 5422 A.
521 5364 616 5440 2458,
641 5361 838 5424 Novembris
866 5365 914 5442 18,
940 5363 970 5424 in
996 5363 1138 5444 capitulo
1163 5363 1314 5444 generali.

346 5497 432 5566 509.
469 5501 517 5581 (ΙΙ.
545 5504 629 5581 208).
664 5501 746 5565 Item
770 5515 1001 5568 concesserunt
1025 5505 1211 5567 facultatem
1236 5503 1384 5585 capitulis
1408 5502 1652 5583 particularibus
1685 5502 1791 5582 dispo-

238 5610 335 5672 nendi
354 5610 394 5671 de
410 5621 548 5691 argento
566 5610 709 5684 ecclesie,
733 5609 821 5690 quod
838 5623 889 5674 est
906 5613 937 5674 in
955 5612 1124 5675 Thorun
1146 5624 1178 5674 et
1195 5613 1281 5696 apud
1299 5612 1397 5673 dnum
1415 5610 1615 5692 Stephanum
1631 5609 1787 5688 Chibslzy.

343 5722 440 5768 nonum.
456 5721 519 5764 00111
534 5723 582 5763 aen
598 5721 646 5762 00.
664 5722 725 5764 xm.
1587 5715 1618 5770 13
