4458 6356
951 567 1040 617 nuru
1060 563 1136 620 1447.
1784 574 1825 651 67

268 663 345 672 μ.
356 661 734 670 *α-ᾐ--ι-ι--ι-μ-ι
749 661 812 668 ...μ-
828 661 931 667 ....-.-...
953 661 1133 667 --.--..-.....
1165 661 1826 672 *ua-*mm

268 793 393 847 stentes
416 803 476 864 pro
500 781 712 845 citacionibus
737 791 770 843 et
797 781 1044 862 quibuscunque
1067 781 1289 862 processibus,
1322 781 1424 862 copiis
1448 782 1516 845 sive
1539 783 1626 846 notis
1650 803 1668 844 a
1692 784 1825 864 prelatis

268 901 302 955 et
324 889 488 953 canonicis
512 889 631 952 amodo
656 887 750 952 nichil
774 889 917 970 exigant,
954 908 1062 970 neque
1086 889 1229 970 ipsorum
1265 891 1410 952 notarios
1445 890 1578 970 exigere
1612 890 1732 972 aliquid
1756 911 1825 972 per·

268 999 406 1069 mittant,
441 997 519 1060 alias
547 996 733 1078 acapitulo
768 1007 801 1058 et
824 995 975 1058 omnibus
1012 995 1244 1058 reieccionibus
1279 997 1319 1058 ad
1344 1017 1441 1058 unum
1472 1016 1617 1060 mensem
1641 999 1713 1082 ipso
1736 998 1823 1062 iacto

268 1114 343 1169 sunt
366 1105 523 1186 suspensi.

481 1315 524 1379 A.
554 1330 646 1396 1447,
671 1315 814 1398 Augusti
840 1333 867 1388 2,
893 1316 924 1377 in
948 1315 1100 1395 capitulo.

373 1455 460 1524 340.
485 1458 530 1541 (II.
556 1458 634 1537 87⁰).
661 1457 721 1520 Die
746 1457 858 1520 Martis
878 1456 934 1538 ¹)..
960 1461 991 1519 in
1016 1459 1102 1520 curia
1126 1469 1158 1520 et
1182 1460 1212 1519 in
1229 1458 1378 1520 cubiculo
1402 1458 1456 1519 dni
1481 1457 1551 1538 Epi,
1577 1469 1728 1538 presente
1753 1459 1820 1521 dno

266 1567 409 1630 Iohanne
433 1565 652 1645 Cosczensky,
671 1567 703 1626 In
720 1566 888 1646 presencia
912 1565 1049 1627 dnorum
1074 1567 1245 1645 prepositi,
1270 1565 1382 1627 decani
1406 1576 1482 1628 tunc
1501 1565 1542 1626 ad
1559 1565 1685 1646 Regem
1704 1567 1821 1640 vocati,

264 1676 421 1748 cantorIs,
445 1673 598 1746 custodis,
623 1671 774 1742 officialis,
801 1671 961 1753 Hectoris,
989 1671 1173 1744 Clementis,
1205 1671 1357 1746 Mirosiai,
1390 1669 1537 1746 Sbiluthi,
1562 1671 1821 1756 Praszmowshy,

264 1781 413 1845 Iohannis
437 1780 604 1854 Viscothe,
628 1780 780 1842 Iohannis
804 1779 843 1842 de
869 1779 1020 1862 Popowo,
1046 1779 1194 1860 Chibsky
1219 1791 1252 1843 et
1276 1779 1491 1860 Rogalinsky,
1517 1781 1738 1860 interrogante
1754 1781 1820 1844 dno

264 1891 337 1971 Epo
375 1889 457 1950 dnos
493 1889 669 1950 Iohannem
707 1888 863 1949 decanum
899 1885 1201 1949 Wiadislaviensem
1238 1897 1270 1950 et
1305 1887 1475 1949 Nicolaum
1511 1887 1551 1948 de
1586 1885 1821 1950 Glamboczecz

263 1997 537 2068 archidiaconum,
572 2017 613 2058 an
638 1995 810 2076 aliquando
835 1994 918 2056 dnus
953 1994 1044 2074 Epus
1079 1997 1256 2074 recepisset
1290 1993 1413 2075 aliquas
1449 1995 1603 2074 pecunias
1629 1995 1659 2056 in
1683 1995 1820 2057 ecclesia

262 2106 303 2168 de
325 2105 469 2186 pecuniis
501 2103 675 2164 iubilei
710 2103 801 2174 anni,
838 2101 1075 2184 responderunt
1113 2103 1172 2164 sibi
1197 2122 1262 2162 non
1288 2113 1437 2164 constare
1473 2101 1513 2162 de
1537 2101 1724 2182 receptione
1760 2123 1818 2165 nec

262 2233 402 2294 unquam
425 2210 553 2274 locutos
576 2210 681 2284 fuisse,
706 2210 793 2290 quod
817 2209 1002 2291 recepisset,
1028 2230 1125 2291 super
1148 2229 1214 2290 quo
1240 2209 1321 2272 dnus
1346 2209 1437 2288 Epus
1462 2209 1577 2290 petivit
1593 2211 1817 2274 instrumenta.

261 2317 396 2402 insuper
431 2319 545 2400 prefati
578 2319 632 2380 dni
657 2315 861 2379 concorditer
892 2317 1119 2380 concluserunt
1153 2317 1259 2380 medio
1292 2318 1472 2380 iuramento
1496 2317 1537 2379 ad
1560 2317 1727 2398 pectorale
1750 2339 1819 2399 pre·

260 2429 346 2500 stito,
371 2427 458 2508 quod
483 2427 509 2488 si
533 2425 705 2506 aliquando
729 2445 838 2486 coram
864 2425 929 2486 dno
953 2424 1047 2506 Rege
1072 2424 1124 2486 vel
1148 2424 1227 2486 alias
1252 2423 1328 2488 dicti
1352 2425 1406 2486 dni
1431 2424 1592 2487 lohannes
1617 2425 1760 2488 decanus
1784 2437 1817 2489 et

261 2535 414 2598 Nicotaus
437 2532 680 2596 archidiaconus
715 2533 967 2596 criminabuntur
1001 2533 1084 2595 dnos
1120 2533 1226 2614 Epum
1262 2544 1317 2596 aut
1352 2531 1529 2613 capitulum
1564 2533 1604 2594 de
1633 2532 1815 2594 huiusmodi

261 2644 404 2722 pecuniis
428 2645 469 2704 iu
482 2642 504 2704 b
517 2643 525 2704 i
540 2641 549 2702 l
562 2643 601 2703 ei
626 2643 708 2714 anni,
733 2643 785 2722 qui
804 2651 925 2703 extunc
949 2653 982 2704 et
1007 2662 1135 2703 exnunc
1151 2663 1170 2702 a
1187 2641 1329 2721 capitulo
1347 2651 1379 2702 et
1404 2641 1574 2702 consorcio
1592 2641 1730 2703 dnorum
1753 2641 1816 2706 sint

261 2751 332 2830 ipso
356 2750 442 2812 facto
467 2750 614 2831 separati,
640 2748 923 2812 distribucionibus
941 2749 1090 2810 omnibus
1107 2760 1140 2811 et
1157 2748 1395 2830 provisionibus
1420 2747 1550 2828 priuatI,
1576 2757 1608 2811 et
1632 2748 1672 2810 ad
1690 2749 1817 2828 privata

260 2878 324 2918 non
348 2857 552 2930 restituendi,
577 2856 682 2918 donec
706 2877 764 2936 per
787 2857 870 2918 dnos
901 2856 1008 2936 Epum
1034 2866 1067 2918 et
1090 2856 1266 2936 capitulum
1296 2875 1393 2936 super
1417 2853 1479 2916 hoc
1504 2854 1596 2918 suerit
1620 2855 1814 2918 sufficienter

259 2964 486 3040 deliberatum;
512 2965 741 3044 promittentes
765 2983 800 3025 se
824 2963 908 3026 velle
932 2965 963 3024 in
988 2963 1050 3025 hoc
1075 2963 1161 3026 Iacto
1186 2963 1337 3027 assistere
1361 2965 1426 3025 dno
1451 2961 1577 3024 officiali
1601 2963 1688 3044 apud
1713 2963 1812 3025 dnum

261 3072 387 3153 Regem
412 3081 445 3134 et
469 3071 569 3152 ipsius
593 3070 779 3135 tribunaies

473 3283 514 3347 A.
545 3297 634 3362 1447,
660 3282 803 3364 Augusti
832 3296 878 3362 17,
905 3283 936 3344 in
960 3281 1111 3362 capitulo.

366 3421 451 3490 341.
476 3425 522 3506 (II.
548 3426 624 3508 87⁰).
650 3427 711 3487 Die
735 3426 862 3488 iovis..
887 3426 940 3487 dni
966 3427 1170 3506 propositus,
1206 3436 1334 3496 custos,
1371 3423 1627 3504 Praszmowshy,
1663 3422 1813 3498 officialis,

260 3533 398 3608 Hector,
430 3532 591 3614 Clemens,
616 3533 796 3609 MiroslauS,
820 3531 972 3606 Sbilutus,
997 3533 1166 3606 Viscotha,
1190 3532 1352 3594 Iohannes
1376 3533 1417 3592 de
1440 3530 1585 3612 Popowo
1610 3541 1643 3593 et
1666 3529 1814 3612 Chibsky

258 3639 462 3702 donaverunt
486 3639 557 3702 dnis
581 3641 772 3702 cancellario
797 3639 859 3702 XII
892 3651 925 3702 et
956 3639 1219 3701 vicecancellario
1250 3640 1340 3720 regni
1370 3637 1447 3700 VIII
1471 3639 1618 3700 florenos.
1658 3637 1739 3702 Item
1764 3637 1814 3700 de-

257 3745 373 3808 derunt
396 3746 467 3808 dnis
492 3746 626 3809 Hectori
649 3758 682 3810 et
705 3747 824 3810 Iacobo
848 3745 974 3808 officiali
998 3767 1157 3809 unacum
1182 3746 1320 3808 nobili..
1336 3744 1370 3824 .²)
1402 3747 1457 3826 qui
1481 3765 1552 3807 cum
1578 3745 1623 3806 eis
1647 3755 1813 3825 tamquam

257 3854 518 3934 procuratoribus
542 3856 673 3936 capituli
697 3857 914 3918 transiverunt
938 3853 979 3916 ad
1004 3854 1101 3916 dnum
1128 3854 1252 3936 Regem
1278 3853 1319 3914 ad
1354 3853 1732 3914 convencionem
1769 3855 1813 3914 in

256 3960 577 4042 Pyothrkowo
614 3961 782 4042 profesto
817 3961 1038 4024 Bartholomei
1073 3961 1214 4024 infacto
1239 3960 1369 4040 capituli
1403 3979 1476 4021 cum
1511 3960 1633 4022 civibus
1662 3958 1812 4034 Poznan.,

257 4067 338 4130 XIV
355 4087 478 4130 marcas
503 4069 533 4129 in
559 4068 687 4130 florenis
711 4068 751 4130 de
775 4069 919 4148 pecuniis
944 4089 1136 4150 capparum,
1161 4069 1221 4142 sic,
1247 4068 1334 4148 quod
1358 4067 1389 4128 in
1414 4069 1573 4148 expositiS
1598 4069 1727 4130 suntin
1754 4088 1810 4129 nu·

256 4193 347 4236 mero
371 4173 428 4236 LII
452 4175 577 4246 floreni,
602 4175 761 4237 adiunctis
792 4195 860 4246 sex,
896 4195 979 4256 quos
1014 4176 1217 4238 donaverunt
1241 4175 1340 4237 nobili
1364 4172 1546 4256 Sapensky,
1571 4185 1604 4236 et
1628 4175 1659 4235 in
1683 4174 1812 4236 residuo

255 4281 491 4344 resultaverunt
515 4281 605 4344 XLII
629 4303 700 4343 cum
726 4281 801 4344 VIII
826 4303 883 4364 gr,
918 4304 981 4363 que
1005 4283 1155 4362 exposita
1188 4293 1415 4363 procuratores
1447 4281 1542 4344 futuri
1573 4301 1632 4362 pro
1665 4281 1749 4343 festo
1781 4281 1813 4343 b.

256 4388 384 4450 Martini
408 4391 560 4470 proximo
585 4389 723 4471 eligendi
747 4401 823 4452 ante
846 4391 954 4470 omnia
986 4391 1160 4452 resarcient
1191 4389 1232 4452 de
1264 4389 1407 4469 pecuniis
1439 4387 1570 4470 capituli
1594 4398 1627 4450 et
1650 4397 1812 4470 reponent

255 4495 286 4555 in
310 4494 472 4558 thezauro.

461 4687 503 4750 A.
535 4703 625 4768 1447,
650 4688 846 4752 Novembris
875 4707 921 4768 14,
946 4692 977 4751 in
1002 4690 1144 4771 capitulo
1169 4689 1320 4771 generali.

360 4824 448 4892 342.
474 4828 523 4910 (11.
549 4832 613 4908 91).
648 4830 729 4892 Item
766 4831 884 4892 ibidem
921 4833 1038 4894 auditis
1074 4833 1223 4912 dampnis
1258 4830 1349 4894 factis
1381 4833 1412 4892 in
1436 4829 1696 4894 archidiaconatu
1721 4831 1810 4894 War-

254 4935 445 5011 schoviensi,
470 4956 577 4997 vener.
595 4936 661 4998 dno
685 4936 819 4998 Iohanni
843 4939 882 4998 de
907 4937 1088 5010 Drzevicza,
1114 4937 1340 5001 archidiacono
1366 4935 1627 5000 Warschoviensi
1644 4938 1809 5010 modern0,

252 5041 442 5104 dimiserunt
466 5053 533 5106 tres
557 5063 681 5106 marcas
706 5045 746 5106 de
770 5046 928 5125 pensione
962 5046 1104 5108 eiusdem
1141 5047 1241 5126 ipsius
1275 5043 1553 5106 archidiaconatus
1588 5045 1629 5108 ad
1661 5055 1810 5126 tempora

253 5150 318 5210 vite
342 5169 407 5211 sue.

254 5327 518 5335 --..--.--...-....
526 5330 544 5334 -.
558 5331 563 5334 .

361 5445 378 5512 ¹)
398 5447 457 5496 Nnd
477 5457 502 5512 tq
521 5448 621 5513 zapishq
641 5459 772 5515 notaryusz
790 5451 922 5518 kapitulny
941 5453 1066 5501 zamiescii
1084 5453 1248 5517 nastqpujch
1273 5468 1376 5516 uwage:
1408 5451 1473 5500 »Hic
1492 5451 1602 5500 instante
1621 5462 1695 5504 nocte
1715 5452 1809 5502 Pozna·

251 5537 293 5584 nia
312 5546 460 5588 crematum

355 5621 374 5691 ²)
395 5625 501 5694 Miejsce
520 5643 542 5674 w
562 5626 688 5694 rehopisIe
707 5628 874 5696 nIezupIsane.
