4458 6356
926 593 1019 641 ACTA
1039 592 1204 641 CAPITULl
1224 592 1479 640 POZNANIENSlS

423 686 464 690 -
475 685 661 690 ——..-—.-.
672 685 900 692 ---.-.-.-—.-.-.
1152 685 1392 690 -—-—.-—.——
1402 685 1510 691 ———
1544 685 1837 692 m.—
1853 687 1864 692 -
1874 689 1880 692 .

418 805 458 866 ad
484 805 860 867 convencionem
894 807 934 865 in
961 803 1075 867 Colo
1102 825 1161 884 pro
1186 805 1271 866 lesto
1295 803 1445 866 Iohannis
1470 805 1617 886 Baptiste
1643 808 1795 887 proximo
1819 817 1973 870 statutam

418 924 546 976 acturos
572 933 680 974 coram
706 912 744 976 R.
769 912 837 974 Mte
862 924 893 973 et
918 912 1119 992 parlamento
1145 933 1203 974 suo
1229 913 1259 974 in
1285 913 1376 975 sactis
1400 913 1544 992 capituli,
1569 913 1685 994 quibus
1710 924 1742 975 et
1766 913 1896 976 cuilibet
1918 913 1972 974 da-

418 1021 479 1081 turi
502 1030 587 1082 sunt
618 1040 676 1098 per
707 1020 786 1082 duas
813 1039 937 1080 marcas
962 1039 1054 1092 nunc,
1080 1021 1161 1082 etsi
1188 1039 1253 1080 non
1277 1018 1393 1082 fuerint
1422 1022 1576 1088 contenti,
1608 1031 1729 1084 extunc
1762 1041 1820 1100 per
1843 1021 1973 1083 terciam

417 1127 550 1189 cuilibet
574 1127 615 1188 ad
639 1126 769 1188 Martini
794 1127 985 1206 proximum.

634 1355 675 1417 A.
706 1371 797 1436 1450,
821 1356 888 1417 Iulii
918 1376 942 1430 r,
967 1357 996 1417 in
1023 1356 1165 1436 capitulo
1189 1358 1341 1438 generali.

526 1495 612 1564 385.
640 1499 687 1578 (ll.
711 1499 797 1578 1260)
813 1549 819 1561 .
836 1547 841 1559 .
860 1498 1066 1560 Presentibus
1083 1499 1155 1560 dnis
1173 1499 1420 1578 Twardowsky,
1438 1497 1593 1561 Miroslao
1610 1499 1781 1572 canonicis,
1799 1497 1974 1560 Naczlrone

417 1608 448 1666 in
474 1605 674 1679 Wissocrlco,
699 1605 819 1668 Iacobo
837 1608 867 1666 in
884 1606 1005 1686 Bythin
1022 1607 1177 1686 plebanis,
1202 1606 1324 1668 Mathia
1342 1617 1374 1668 et
1391 1607 1528 1668 Nicolao
1546 1605 1839 1686 campanatoribus,
1858 1605 1973 1667 nobilis

418 1712 601 1792 Wyschota
632 1713 672 1774 de
705 1712 916 1794 Bloszegewo
948 1733 1020 1774 cum
1052 1713 1202 1776 fratribus
1235 1725 1267 1775 et
1299 1714 1408 1776 amicis
1440 1725 1631 1794 receperunt
1663 1713 1702 1774 de
1735 1713 1882 1774 manibus
1919 1713 1972 1772 dni

418 1819 583 1882 Michaelis
607 1821 823 1883 vicecustodis
847 1833 879 1883 et
903 1821 943 1882 de
973 1821 1171 1883 thezauraria
1204 1822 1338 1882 ecclesie
1369 1821 1434 1882 XV
1466 1821 1628 1882 volumina
1658 1841 1716 1900 per
1747 1821 1845 1882 dnum
1879 1818 1974 1882 Pred-

417 1929 549 2008 vogium
575 1929 776 2008 prepositum
801 1927 1053 1990 Poznaniensem
1078 1929 1229 2008 reposita,
1254 1929 1329 1990 olim
1354 1929 1407 1989 dni
1432 1927 1582 1990 Stanislai
1607 1926 1728 1990 Czolek
1752 1927 1814 2008 Epi
1837 1926 1974 1988 Poznan.

417 2045 637 2106 executorem,
661 2035 701 2096 ad
719 2036 881 2097 racionem
899 2036 1007 2104 debiti,
1033 2036 1063 2096 in
1081 2055 1146 2117 quo
1164 2037 1240 2116 ipsis
1258 2035 1401 2116 prelatus
1418 2037 1501 2097 dnus
1519 2036 1608 2115 Epus
1626 2035 1804 2102 tenebatur.
1829 2045 1862 2096 et
1878 2053 1975 2112 super

418 2162 482 2222 quo
507 2142 578 2204 dnis
603 2143 743 2221 capitulo
770 2142 906 2204 Poznan.
933 2145 964 2204 in
997 2143 1180 2204 iudicio
1204 2143 1414 2204 seculari
1447 2153 1616 2205 moverant
1646 2143 1821 2212 accionem,
1852 2143 1901 2202 cui
1931 2161 1973 2201 re·

418 2249 650 2310 nunciaverunt
674 2260 705 2310 et
731 2261 906 2323 cesserunt,
940 2251 1110 2331 ipsumque
1133 2251 1308 2331 capitulum
1332 2250 1468 2313 ecclesie
1493 2251 1633 2312 Poznan.
1661 2251 1690 2311 in
1715 2259 1820 2313 totum
1845 2249 1973 2329 quoad

417 2355 598 2416 huiusmodi
623 2355 767 2417 debitum
791 2358 1011 2436 quittaverunt
1035 2369 1067 2420 et
1085 2357 1303 2430 absolverunt,
1329 2359 1559 2438 promittentes
1575 2357 1708 2420 ulterius
1724 2367 1756 2420 et
1773 2355 1891 2417 amodo
1908 2375 1971 2416 nou

418 2463 596 2544 inquietare
622 2483 727 2544 neque
753 2465 915 2544 impedire.

632 2695 674 2756 A.
706 2709 796 2774 1450,
822 2695 889 2756 Iulii
915 2711 940 2772 3,
966 2696 996 2755 in
1021 2695 1165 2775 capitulo
1190 2696 1342 2776 generali.

528 2834 613 2901 386.
640 2838 686 2918 (ll.
718 2837 814 2916 127⁰).
840 2837 921 2900 ltem
945 2837 1119 2912 bibliam
1145 2839 1220 2900 olim
1245 2839 1298 2900 dni
1323 2838 1493 2901 Czolconis
1511 2839 1571 2919 Epi
1590 2837 1729 2899 Poznan.
1747 2837 1972 2917 obligaverunt

418 2947 483 3008 dno
506 2945 640 3006 Iohanni
665 2945 789 3006 decano
814 2945 1072 3008 llllladislaviensi
1097 2947 1126 3006 in
1153 2945 1216 3006 XX
1241 2947 1355 3007 marcis
1381 2945 1558 3008 mediorum
1580 2965 1627 3026 gr.
1646 2945 1820 3024 reempturi
1837 2943 1972 3004 eandem

417 3053 457 3114 ad
483 3052 598 3115 festum
625 3051 654 3114 b.
680 3051 809 3114 Thome
833 3054 973 3132 apostoli
998 3074 1101 3134 prox,
1128 3053 1205 3114 alias
1231 3055 1256 3114 si
1282 3073 1347 3114 non
1373 3052 1514 3124 iecerint,
1540 3063 1659 3114 extunc
1677 3051 1784 3113 licebit
1804 3051 1892 3112 dicto
1909 3049 1972 3110 dno

417 3161 541 3222 decano
565 3161 700 3222 eandem
726 3159 866 3232 bibliam,
898 3162 924 3222 si
949 3160 1094 3232 voluerit,
1120 3162 1149 3222 in
1175 3171 1267 3223 tanta
1292 3179 1416 3223 summa
1441 3160 1503 3222 XX
1529 3177 1708 3221 marcarum
1733 3157 1886 3239 obligare,
1919 3155 1971 3216 nbi

418 3269 536 3348 poterit
561 3277 593 3328 et
618 3268 702 3346 velit,
727 3268 767 3328 ad
793 3267 881 3348 quod
906 3269 958 3330 dni
984 3279 1219 3330 consenserunt
1244 3279 1277 3330 et
1302 3269 1342 3330 ad
1369 3269 1524 3330 interesse
1550 3287 1609 3347 pro
1630 3265 1778 3346 dampnis
1795 3275 1827 3326 et
1844 3263 1970 3344 impedi-

418 3375 535 3436 mentis
560 3393 594 3436 se
619 3375 845 3438 submiserunt.

632 3603 672 3666 A.
704 3619 793 3683 1450,
820 3605 1016 3666 Novembris
1046 3623 1091 3676 12,
1118 3607 1149 3666 in
1174 3607 1319 3686 capitulo
1345 3605 1495 3686 generali.

527 3741 683 3813 387.l11.
715 3747 811 3827 ¹29⁰)·
846 3748 1079 3810 Rememorato
1112 3747 1224 3810 debito
1257 3747 1283 3810 C
1312 3748 1505 3809 florenorum
1531 3747 1609 3808 alias
1632 3745 1719 3826 apud
1744 3765 1849 3808 vener.
1874 3745 1971 3806 dnum

415 3851 592 3914 Iohannem
618 3853 657 3915 de
682 3853 866 3934 Nyewesch
892 3853 985 3918 Sedis
1009 3857 1151 3936 apostol.
1179 3855 1458 3935 prothonotarium
1486 3875 1545 3936 pro
1570 3855 1635 3916 dno
1661 3855 1754 3934 Rege
1778 3853 1809 3914 in
1826 3863 1970 3915 mutuum

416 3969 628 4040 receptorum,
654 3981 790 4040 quorum
816 3961 843 4024 L
868 3962 908 4024 de
932 3963 1076 4044 pecuniis
1100 3982 1275 4043 capparum
1300 3963 1403 4024 eidem
1429 3963 1638 4024 exsolverunt
1667 3972 1699 4023 et
1724 3961 1763 4022 de
1788 3961 1921 4022 residuis
1945 3959 1972 4020 L

416 4085 499 4127 nunc
529 4067 618 4128 iuxta
654 4067 892 4149 obligacionem
937 4070 1101 4131 solvendis
1134 4069 1370 4138 concluserunt,
1404 4070 1489 4149 quod
1523 4069 1666 4148 prefatus
1698 4069 1780 4130 dnus
1812 4067 1971 4128 lohannes

416 4173 547 4234 eosdem
572 4172 600 4234 L
624 4175 767 4237 residuos
791 4175 859 4237 flor.
886 4175 1024 4238 deducat
1049 4187 1081 4238 et
1106 4186 1261 4238 extenuet
1286 4177 1316 4236 in
1342 4175 1485 4256 pecuniis
1510 4177 1731 4256 provisionum
1748 4187 1780 4236 et
1798 4175 1970 4254 pensionis,

415 4281 446 4340 in
471 4279 587 4360 quibus
611 4281 753 4361 capitulo
777 4284 817 4343 de
843 4285 985 4364 presenti
1002 4284 1172 4364 obligatur,
1195 4295 1227 4344 et
1245 4285 1270 4344 si
1288 4283 1363 4362 quid
1381 4283 1468 4345 lacto
1486 4283 1609 4344 calculo
1627 4283 1769 4356 defuerit,
1793 4283 1968 4362 capitulum

415 4386 595 4467 supplebit;
632 4389 657 4449 si
682 4399 790 4451 autem
819 4391 1018 4470 superfuerit,
1058 4392 1139 4453 dnus
1164 4391 1305 4452 decanus
1337 4390 1479 4470 capitulo
1510 4392 1661 4452 resarciet
1692 4401 1724 4452 et
1757 4389 1910 4458 refundet,
1943 4388 1970 4450 L

415 4514 494 4554 vero
510 4493 650 4556 florenos
664 4496 703 4556 de
716 4499 829 4577 cappis
841 4499 1057 4576 pecuniarum,
1083 4498 1123 4558 de
1141 4498 1254 4578 quibus
1272 4518 1368 4577 supra
1383 4497 1416 4560 lit
1434 4499 1569 4570 mencio,
1588 4498 1757 4578 reposituri
1775 4509 1848 4560 sunt
1865 4498 1969 4558 futuro

377 4583 380 4588 ¹
416 4621 503 4662 anno
528 4603 680 4681 proximo
705 4603 870 4684 profesto
896 4605 925 4665 b.
950 4605 1080 4666 Martini
1105 4615 1137 4666 et
1162 4625 1218 4685 per
1242 4614 1469 4685 procuratores
1501 4616 1577 4665 tunc
1602 4605 1724 4667 electos
1754 4605 1794 4666 de
1828 4603 1968 4684 pecuniis

415 4709 635 4788 provisionum
660 4710 863 4792 colligendos
887 4732 924 4772 ac
950 4713 981 4772 in
1006 4711 1160 4773 thezauro
1192 4712 1326 4773 ecclesia
1359 4711 1593 4786 recondendos,
1627 4712 1768 4793 qualibet
1801 4713 1969 4773 occasione

415 4825 447 4878 et
471 4816 629 4878 dilacione
653 4819 865 4896 proculmota.

628 5047 669 5108 A.
700 5063 789 5128 1450,
816 5049 1013 5111 Novembris
1042 5065 1088 5127 13,
1115 5052 1144 5110 in
1169 5050 1311 5130 capitulo
1337 5051 1488 5131 generali.

522 5183 608 5252 388.
635 5188 684 5270 (ll.
718 5192 795 5272 130).
819 5191 1056 5254 Mandaverunt
1081 5193 1176 5254 scribi
1202 5193 1339 5255 litteram
1364 5194 1404 5254 ad
1432 5193 1607 5274 plebanum
1633 5195 1664 5253 in
1688 5191 1880 5253 Swarzandz
1904 5211 1968 5252 suc-

415 5293 632 5364 collectorem,
657 5307 692 5358 ut
716 5301 864 5361 restituat
888 5300 1030 5380 plebano
1056 5300 1096 5360 de
1120 5297 1326 5361 Valischewo
1352 5301 1431 5362 duas
1456 5319 1589 5372 marcas,
1614 5319 1693 5380 quas
1718 5299 1855 5361 extorsit
1872 5299 1913 5359 ab
1930 5317 1969 5358 eo

413 5403 583 5464 occasione
619 5403 805 5467 denarii
842 5427 867 5469 s.
904 5407 1032 5470 Petri
1069 5417 1100 5468 et
1134 5408 1219 5488 quod
1252 5409 1371 5469 amodo
1404 5427 1468 5468 non
1494 5409 1604 5488 exigat
1629 5427 1688 5468 nec
1713 5406 1754 5467 ad
1779 5405 1967 5468 solvendum

413 5508 588 5587 compellat
611 5511 789 5574 ministrum
814 5535 888 5575 cure
913 5515 1066 5588 eiusdem,
1093 5517 1195 5576 donec
1221 5516 1302 5577 dnus
1326 5515 1416 5595 Epus
1441 5535 1512 5576 cum
1538 5514 1680 5596 capitulo
1713 5533 1809 5596 super
1841 5513 1903 5574 hoc
1928 5515 1967 5574 in·

413 5612 517 5676 vicem
542 5617 761 5683 declarabunt.
