<?xml version="1.0" encoding="UTF-8"?>
<!DOCTYPE html PUBLIC "-//W3C//DTD XHTML 1.0 Transitional//EN"
    "http://www.w3.org/TR/xhtml1/DTD/xhtml1-transitional.dtd">
<html xmlns="http://www.w3.org/1999/xhtml" xml:lang="en" lang="en">
 <head>
  <title>
</title>
<meta http-equiv="Content-Type" content="text/html;charset=utf-8" />
  <meta name='ocr-system' content='tesseract 3.04.00' />
  <meta name='ocr-capabilities' content='ocr_page ocr_carea ocr_par ocr_line ocrx_word'/>
</head>
<body>
  <div class='ocr_page' id='page_1' title='image "actacapitulorum00czubgoog_0232.png"; bbox 0 0 4390 6368; ppageno 0'>
   <div class='ocr_carea' id='block_1_1' title="bbox 433 543 1467 619">
    <p class='ocr_par' dir='ltr' id='par_1_1' title="bbox 433 543 1467 619">
     <span class='ocr_line' id='line_1_1' title="bbox 433 543 1467 619; baseline -0.009 -16"><span class='ocrx_word' id='word_1_1' title='bbox 433 557 498 619; x_wconf 87' lang='lat'>214</span> <span class='ocrx_word' id='word_1_2' title='bbox 917 543 1011 592; x_wconf 81' lang='lat' dir='ltr'><strong>ACTA</strong></span> <span class='ocrx_word' id='word_1_3' title='bbox 1031 543 1193 594; x_wconf 85' lang='lat' dir='ltr'>CAPITULI</span> <span class='ocrx_word' id='word_1_4' title='bbox 1213 543 1467 594; x_wconf 81' lang='lat' dir='ltr'>I&#39;OZNANIENSIS</span> 
     </span>
    </p>
   </div>
   <div class='ocr_carea' id='block_1_2' title="bbox 430 754 1984 946">
    <p class='ocr_par' dir='ltr' id='par_1_2' title="bbox 430 754 1984 946">
     <span class='ocr_line' id='line_1_2' title="bbox 430 754 1984 839; baseline 0.001 -23"><span class='ocrx_word' id='word_1_5' title='bbox 430 755 582 816; x_wconf 90' lang='lat' dir='ltr'>ventibus</span> <span class='ocrx_word' id='word_1_6' title='bbox 606 754 717 817; x_wconf 86' lang='lat' dir='ltr'>futuris</span> <span class='ocrx_word' id='word_1_7' title='bbox 741 774 853 818; x_wconf 91' lang='lat' dir='ltr'>mense</span> <span class='ocrx_word' id='word_1_8' title='bbox 877 755 1073 837; x_wconf 82' lang='lat' dir='ltr'>episcopalis</span> <span class='ocrx_word' id='word_1_9' title='bbox 1098 759 1187 820; x_wconf 89' lang='lat' dir='ltr'>iuxta</span> <span class='ocrx_word' id='word_1_10' title='bbox 1218 758 1384 839; x_wconf 90' lang='lat' dir='ltr'>antiquam</span> <span class='ocrx_word' id='word_1_11' title='bbox 1416 757 1686 822; x_wconf 83' lang='lat' dir='ltr'><strong>consuetudinem</strong></span> <span class='ocrx_word' id='word_1_12' title='bbox 1711 760 1769 820; x_wconf 93' lang='lat' dir='ltr'>erit</span> <span class='ocrx_word' id='word_1_13' title='bbox 1794 757 1984 820; x_wconf 89' lang='lat' dir='ltr'>solvendum</span> 
     </span>
     <span class='ocr_line' id='line_1_3' title="bbox 432 861 1484 946; baseline 0.004 -24"><span class='ocrx_word' id='word_1_14' title='bbox 432 871 465 923; x_wconf 90' lang='lat' dir='ltr'>et</span> <span class='ocrx_word' id='word_1_15' title='bbox 489 861 574 922; x_wconf 90' lang='lat' dir='ltr'>calix</span> <span class='ocrx_word' id='word_1_16' title='bbox 597 861 800 942; x_wconf 89' lang='lat' dir='ltr'>recipiendus</span> <span class='ocrx_word' id='word_1_17' title='bbox 825 863 865 924; x_wconf 93' lang='lat' dir='ltr'>de</span> <span class='ocrx_word' id='word_1_18' title='bbox 889 864 1037 926; x_wconf 88' lang='lat' dir='ltr'>manibus</span> <span class='ocrx_word' id='word_1_19' title='bbox 1061 865 1115 926; x_wconf 89' lang='lat' dir='ltr'>dni</span> <span class='ocrx_word' id='word_1_20' title='bbox 1139 863 1336 946; x_wconf 87' lang='lat' dir='ltr'>Sigismundi</span> <span class='ocrx_word' id='word_1_21' title='bbox 1360 865 1484 946; x_wconf 87' lang='lat' dir='ltr'>prelati.</span> 
     </span>
    </p>
   </div>
   <div class='ocr_carea' id='block_1_3' title="bbox 646 1082 1401 1166">
    <p class='ocr_par' dir='ltr' id='par_1_3' title="bbox 646 1082 1401 1166">
     <span class='ocr_line' id='line_1_4' title="bbox 646 1082 1401 1166; baseline 0.003 -22"><span class='ocrx_word' id='word_1_22' title='bbox 646 1082 688 1145; x_wconf 98' lang='lat' dir='ltr'>A.</span> <span class='ocrx_word' id='word_1_23' title='bbox 718 1097 815 1162; x_wconf 81' lang='lat'>1520,</span> <span class='ocrx_word' id='word_1_24' title='bbox 840 1083 920 1146; x_wconf 87' lang='lat' dir='ltr'>Iunii</span> <span class='ocrx_word' id='word_1_25' title='bbox 946 1101 1003 1162; x_wconf 85' lang='lat'>30,</span> <span class='ocrx_word' id='word_1_26' title='bbox 1027 1084 1057 1145; x_wconf 92' lang='lat' dir='ltr'>in</span> <span class='ocrx_word' id='word_1_27' title='bbox 1082 1084 1226 1164; x_wconf 90' lang='lat' dir='ltr'>capitulo</span> <span class='ocrx_word' id='word_1_28' title='bbox 1250 1083 1401 1166; x_wconf 86' lang='lat' dir='ltr'>generali.</span> 
     </span>
    </p>
   </div>
   <div class='ocr_carea' id='block_1_4' title="bbox 432 1217 1989 2697">
    <p class='ocr_par' dir='ltr' id='par_1_4' title="bbox 432 1217 1989 2697">
     <span class='ocr_line' id='line_1_5' title="bbox 540 1217 1988 1308; baseline -0.001 -22"><span class='ocrx_word' id='word_1_29' title='bbox 540 1217 652 1288; x_wconf 82' lang='lat'><strong>1092.</strong></span> <span class='ocrx_word' id='word_1_30' title='bbox 677 1225 776 1305; x_wconf 86' lang='lat' dir='ltr'>(VIII.</span> <span class='ocrx_word' id='word_1_31' title='bbox 806 1226 903 1305; x_wconf 89' lang='lat'><strong>119⁰).</strong></span> <span class='ocrx_word' id='word_1_32' title='bbox 929 1225 1052 1286; x_wconf 85' lang='lat' dir='ltr'>Ibidem</span> <span class='ocrx_word' id='word_1_33' title='bbox 1076 1225 1193 1307; x_wconf 87' lang='lat' dir='ltr'>prelati</span> <span class='ocrx_word' id='word_1_34' title='bbox 1216 1226 1270 1288; x_wconf 90' lang='lat' dir='ltr'>dni</span> <span class='ocrx_word' id='word_1_35' title='bbox 1294 1227 1402 1289; x_wconf 89' lang='lat' dir='ltr'>audita</span> <span class='ocrx_word' id='word_1_36' title='bbox 1427 1226 1592 1308; x_wconf 86' lang='lat' dir='ltr'>legatione</span> <span class='ocrx_word' id='word_1_37' title='bbox 1616 1225 1683 1288; x_wconf 84' lang='lat' dir='ltr'>Smi</span> <span class='ocrx_word' id='word_1_38' title='bbox 1707 1226 1860 1306; x_wconf 88' lang='lat' dir='ltr'>principis</span> <span class='ocrx_word' id='word_1_39' title='bbox 1884 1237 1917 1288; x_wconf 90' lang='lat' dir='ltr'>et</span> <span class='ocrx_word' id='word_1_40' title='bbox 1934 1225 1988 1286; x_wconf 92' lang='lat' dir='ltr'>dni</span> 
     </span>
     <span class='ocr_line' id='line_1_6' title="bbox 432 1328 1986 1414; baseline 0.002 -24"><span class='ocrx_word' id='word_1_41' title='bbox 432 1329 487 1390; x_wconf 93' lang='lat' dir='ltr'>dni</span> <span class='ocrx_word' id='word_1_42' title='bbox 510 1328 706 1411; x_wconf 85' lang='lat' dir='ltr'>Sigismundi</span> <span class='ocrx_word' id='word_1_43' title='bbox 731 1333 759 1394; x_wconf 93' lang='lat' dir='ltr'>d.</span> <span class='ocrx_word' id='word_1_44' title='bbox 783 1355 814 1414; x_wconf 81' lang='lat' dir='ltr'>g.</span> <span class='ocrx_word' id='word_1_45' title='bbox 841 1333 942 1414; x_wconf 85' lang='lat' dir='ltr'>Regis</span> <span class='ocrx_word' id='word_1_46' title='bbox 966 1332 1100 1394; x_wconf 92' lang='lat' dir='ltr'>Polonie</span> <span class='ocrx_word' id='word_1_47' title='bbox 1126 1343 1186 1395; x_wconf 89' lang='lat' dir='ltr'>etc.</span> <span class='ocrx_word' id='word_1_48' title='bbox 1210 1333 1385 1414; x_wconf 91' lang='lat' dir='ltr'>habitaque</span> <span class='ocrx_word' id='word_1_49' title='bbox 1419 1354 1462 1396; x_wconf 90' lang='lat' dir='ltr'>ex</span> <span class='ocrx_word' id='word_1_50' title='bbox 1487 1343 1578 1414; x_wconf 85' lang='lat' dir='ltr'>parte</span> <span class='ocrx_word' id='word_1_51' title='bbox 1608 1353 1665 1395; x_wconf 90' lang='lat' dir='ltr'>sue</span> <span class='ocrx_word' id='word_1_52' title='bbox 1688 1333 1728 1394; x_wconf 92' lang='lat' dir='ltr'>R.</span> <span class='ocrx_word' id='word_1_53' title='bbox 1752 1333 1829 1394; x_wconf 90' lang='lat' dir='ltr'>Mtis</span> <span class='ocrx_word' id='word_1_54' title='bbox 1852 1332 1892 1394; x_wconf 90' lang='lat' dir='ltr'>de</span> <span class='ocrx_word' id='word_1_55' title='bbox 1916 1353 1986 1413; x_wconf 88' lang='lat' dir='ltr'>per-</span> 
     </span>
     <span class='ocr_line' id='line_1_7' title="bbox 433 1437 1988 1519; baseline 0.001 -21"><span class='ocrx_word' id='word_1_56' title='bbox 433 1457 513 1498; x_wconf 86' lang='lat' dir='ltr'>sona</span> <span class='ocrx_word' id='word_1_57' title='bbox 537 1437 611 1498; x_wconf 93' lang='lat' dir='ltr'>Rmi</span> <span class='ocrx_word' id='word_1_58' title='bbox 635 1487 664 1499; x_wconf 94' lang='lat'>..</span> <span class='ocrx_word' id='word_1_59' title='bbox 688 1439 740 1500; x_wconf 94' lang='lat' dir='ltr'>dni</span> <span class='ocrx_word' id='word_1_60' title='bbox 766 1439 849 1502; x_wconf 88' lang='lat' dir='ltr'>Petri</span> <span class='ocrx_word' id='word_1_61' title='bbox 885 1439 946 1519; x_wconf 87' lang='lat' dir='ltr'>Epi</span> <span class='ocrx_word' id='word_1_62' title='bbox 983 1439 1232 1502; x_wconf 83' lang='lat' dir='ltr'>Praemisliensis</span> <span class='ocrx_word' id='word_1_63' title='bbox 1268 1451 1301 1502; x_wconf 92' lang='lat' dir='ltr'>et</span> <span class='ocrx_word' id='word_1_64' title='bbox 1333 1442 1371 1502; x_wconf 91' lang='lat' dir='ltr'>R.</span> <span class='ocrx_word' id='word_1_65' title='bbox 1396 1439 1428 1503; x_wconf 91' lang='lat' dir='ltr'>P.</span> <span class='ocrx_word' id='word_1_66' title='bbox 1450 1440 1702 1502; x_wconf 82' lang='lat' dir='ltr'>vicecancellarii</span> <span class='ocrx_word' id='word_1_67' title='bbox 1738 1438 1988 1502; x_wconf 89' lang='lat' dir='ltr'>comendatione</span> 
     </span>
     <span class='ocr_line' id='line_1_8' title="bbox 432 1546 1989 1628; baseline 0.001 -24"><span class='ocrx_word' id='word_1_68' title='bbox 432 1565 490 1624; x_wconf 89' lang='lat' dir='ltr'>per</span> <span class='ocrx_word' id='word_1_69' title='bbox 513 1565 708 1626; x_wconf 84' lang='lat' dir='ltr'>generosum</span> <span class='ocrx_word' id='word_1_70' title='bbox 734 1548 831 1608; x_wconf 91' lang='lat' dir='ltr'>duum</span> <span class='ocrx_word' id='word_1_71' title='bbox 857 1546 1052 1610; x_wconf 88' lang='lat' dir='ltr'>Stanislaum</span> <span class='ocrx_word' id='word_1_72' title='bbox 1076 1547 1117 1610; x_wconf 93' lang='lat' dir='ltr'>de</span> <span class='ocrx_word' id='word_1_73' title='bbox 1141 1546 1278 1628; x_wconf 88' lang='lat' dir='ltr'>Sprowa</span> <span class='ocrx_word' id='word_1_74' title='bbox 1302 1546 1513 1610; x_wconf 89' lang='lat' dir='ltr'>castellanum</span> <span class='ocrx_word' id='word_1_75' title='bbox 1537 1547 1789 1610; x_wconf 89' lang='lat' dir='ltr'>Zarnoviensem</span> <span class='ocrx_word' id='word_1_76' title='bbox 1814 1557 1846 1608; x_wconf 92' lang='lat' dir='ltr'>et</span> <span class='ocrx_word' id='word_1_77' title='bbox 1869 1546 1989 1626; x_wconf 85' lang='lat' dir='ltr'>capita·</span> 
     </span>
     <span class='ocr_line' id='line_1_9' title="bbox 433 1651 1987 1735; baseline 0.001 -23"><span class='ocrx_word' id='word_1_78' title='bbox 433 1671 529 1714; x_wconf 90' lang='lat' dir='ltr'>neum</span> <span class='ocrx_word' id='word_1_79' title='bbox 553 1651 779 1732; x_wconf 90' lang='lat' dir='ltr'>Opoczensem</span> <span class='ocrx_word' id='word_1_80' title='bbox 817 1655 963 1716; x_wconf 89' lang='lat' dir='ltr'>nuntium</span> <span class='ocrx_word' id='word_1_81' title='bbox 998 1655 1142 1717; x_wconf 90' lang='lat' dir='ltr'>eiusdem</span> <span class='ocrx_word' id='word_1_82' title='bbox 1168 1655 1206 1716; x_wconf 93' lang='lat' dir='ltr'>R.</span> <span class='ocrx_word' id='word_1_83' title='bbox 1233 1655 1308 1718; x_wconf 85' lang='lat' dir='ltr'>Mtis</span> <span class='ocrx_word' id='word_1_84' title='bbox 1335 1655 1451 1718; x_wconf 89' lang='lat' dir='ltr'>ibidem</span> <span class='ocrx_word' id='word_1_85' title='bbox 1476 1657 1508 1716; x_wconf 92' lang='lat' dir='ltr'>in</span> <span class='ocrx_word' id='word_1_86' title='bbox 1533 1654 1640 1717; x_wconf 86' lang='lat' dir='ltr'>medlo</span> <span class='ocrx_word' id='word_1_87' title='bbox 1675 1656 1819 1735; x_wconf 88' lang='lat' dir='ltr'>Ipsorum</span> <span class='ocrx_word' id='word_1_88' title='bbox 1851 1653 1987 1716; x_wconf 89' lang='lat' dir='ltr'>duorum</span> 
     </span>
     <span class='ocr_line' id='line_1_10' title="bbox 433 1757 1988 1843; baseline 0.002 -24"><span class='ocrx_word' id='word_1_89' title='bbox 433 1757 540 1832; x_wconf 86' lang='lat' dir='ltr'>iactis,</span> <span class='ocrx_word' id='word_1_90' title='bbox 577 1769 689 1822; x_wconf 91' lang='lat' dir='ltr'>mutuo</span> <span class='ocrx_word' id='word_1_91' title='bbox 714 1771 851 1824; x_wconf 90' lang='lat' dir='ltr'>tractatu</span> <span class='ocrx_word' id='word_1_92' title='bbox 876 1770 909 1823; x_wconf 90' lang='lat' dir='ltr'>et</span> <span class='ocrx_word' id='word_1_93' title='bbox 933 1771 1057 1823; x_wconf 83' lang='lat' dir='ltr'>matura</span> <span class='ocrx_word' id='word_1_94' title='bbox 1093 1762 1324 1824; x_wconf 83' lang='lat' dir='ltr'>deliberatione</span> <span class='ocrx_word' id='word_1_95' title='bbox 1360 1762 1539 1843; x_wconf 90' lang='lat' dir='ltr'>prehabitis</span> <span class='ocrx_word' id='word_1_96' title='bbox 1571 1783 1629 1842; x_wconf 92' lang='lat' dir='ltr'>per</span> <span class='ocrx_word' id='word_1_97' title='bbox 1658 1763 1743 1824; x_wconf 83' lang='lat' dir='ltr'>viam</span> <span class='ocrx_word' id='word_1_98' title='bbox 1768 1761 1988 1840; x_wconf 85' lang='lat' dir='ltr'>inspirationis</span> 
     </span>
     <span class='ocr_line' id='line_1_11' title="bbox 433 1863 1989 1950; baseline 0.001 -24"><span class='ocrx_word' id='word_1_99' title='bbox 433 1863 571 1945; x_wconf 88' lang='lat' dir='ltr'>Spiritus</span> <span class='ocrx_word' id='word_1_100' title='bbox 606 1869 708 1930; x_wconf 89' lang='lat' dir='ltr'>sancti</span> <span class='ocrx_word' id='word_1_101' title='bbox 743 1870 884 1930; x_wconf 81' lang='lat' dir='ltr'>unanImi</span> <span class='ocrx_word' id='word_1_102' title='bbox 920 1877 999 1930; x_wconf 94' lang='lat' dir='ltr'>voto</span> <span class='ocrx_word' id='word_1_103' title='bbox 1036 1879 1263 1931; x_wconf 89' lang='lat' dir='ltr'>convenerunt</span> <span class='ocrx_word' id='word_1_104' title='bbox 1289 1869 1320 1930; x_wconf 90' lang='lat' dir='ltr'>in</span> <span class='ocrx_word' id='word_1_105' title='bbox 1346 1869 1507 1950; x_wconf 85' lang='lat' dir='ltr'>prefatum</span> <span class='ocrx_word' id='word_1_106' title='bbox 1539 1869 1659 1930; x_wconf 89' lang='lat' dir='ltr'>Rmum</span> <span class='ocrx_word' id='word_1_107' title='bbox 1684 1917 1712 1931; x_wconf 91' lang='lat'>..</span> <span class='ocrx_word' id='word_1_108' title='bbox 1738 1868 1836 1930; x_wconf 92' lang='lat' dir='ltr'>dnum</span> <span class='ocrx_word' id='word_1_109' title='bbox 1860 1866 1989 1928; x_wconf 91' lang='lat' dir='ltr'>Petrum</span> 
     </span>
     <span class='ocr_line' id='line_1_12' title="bbox 433 1972 1986 2056; baseline -0.001 -22"><span class='ocrx_word' id='word_1_110' title='bbox 433 1973 462 2034; x_wconf 89' lang='lat' dir='ltr'>d.</span> <span class='ocrx_word' id='word_1_111' title='bbox 486 1993 516 2052; x_wconf 83' lang='lat' dir='ltr'>g.</span> <span class='ocrx_word' id='word_1_112' title='bbox 541 1972 647 2054; x_wconf 86' lang='lat' dir='ltr'>Epum</span> <span class='ocrx_word' id='word_1_113' title='bbox 683 1973 948 2038; x_wconf 86' lang='lat' dir='ltr'>I&#39;rzcmislensem</span> <span class='ocrx_word' id='word_1_114' title='bbox 975 1987 1035 2038; x_wconf 89' lang='lat' dir='ltr'>etc.</span> <span class='ocrx_word' id='word_1_115' title='bbox 1059 1975 1146 2056; x_wconf 89' lang='lat' dir='ltr'>apud</span> <span class='ocrx_word' id='word_1_116' title='bbox 1181 1975 1299 2038; x_wconf 86' lang='lat' dir='ltr'>Sedem</span> <span class='ocrx_word' id='word_1_117' title='bbox 1337 1977 1458 2056; x_wconf 91' lang='lat' dir='ltr'>Apost.</span> <span class='ocrx_word' id='word_1_118' title='bbox 1484 1979 1514 2038; x_wconf 90' lang='lat' dir='ltr'>in</span> <span class='ocrx_word' id='word_1_119' title='bbox 1542 1977 1646 2056; x_wconf 86' lang='lat' dir='ltr'>Epum</span> <span class='ocrx_word' id='word_1_120' title='bbox 1679 1975 1816 2037; x_wconf 88' lang='lat' dir='ltr'>ecclesie</span> <span class='ocrx_word' id='word_1_121' title='bbox 1848 1973 1986 2034; x_wconf 85' lang='lat' dir='ltr'>Poznau.</span> 
     </span>
     <span class='ocr_line' id='line_1_13' title="bbox 433 2080 1988 2164; baseline 0.001 -26"><span class='ocrx_word' id='word_1_122' title='bbox 433 2100 487 2160; x_wconf 91' lang='lat' dir='ltr'>po</span> <span class='ocrx_word' id='word_1_123' title='bbox 500 2100 515 2139; x_wconf 88' lang='lat' dir='ltr'>s</span> <span class='ocrx_word' id='word_1_124' title='bbox 529 2091 541 2140; x_wconf 92' lang='lat' dir='ltr'>t</span> <span class='ocrx_word' id='word_1_125' title='bbox 554 2101 573 2140; x_wconf 91' lang='lat' dir='ltr'>u</span> <span class='ocrx_word' id='word_1_126' title='bbox 587 2080 596 2140; x_wconf 96' lang='lat' dir='ltr'>I</span> <span class='ocrx_word' id='word_1_127' title='bbox 608 2102 627 2142; x_wconf 93' lang='lat' dir='ltr'>a</span> <span class='ocrx_word' id='word_1_128' title='bbox 640 2101 659 2142; x_wconf 90' lang='lat' dir='ltr'>n</span> <span class='ocrx_word' id='word_1_129' title='bbox 673 2081 693 2142; x_wconf 95' lang='lat' dir='ltr'>d</span> <span class='ocrx_word' id='word_1_130' title='bbox 707 2103 725 2142; x_wconf 93' lang='lat' dir='ltr'>u</span> <span class='ocrx_word' id='word_1_131' title='bbox 741 2103 771 2144; x_wconf 93' lang='lat' dir='ltr'>m</span> <span class='ocrx_word' id='word_1_132' title='bbox 797 2083 984 2164; x_wconf 82' lang='lat' dir='ltr'>litterasque</span> <span class='ocrx_word' id='word_1_133' title='bbox 1008 2083 1147 2164; x_wconf 84' lang='lat' dir='ltr'>desuper</span> <span class='ocrx_word' id='word_1_134' title='bbox 1170 2084 1371 2146; x_wconf 87' lang='lat' dir='ltr'>necessarias</span> <span class='ocrx_word' id='word_1_135' title='bbox 1394 2083 1435 2145; x_wconf 91' lang='lat' dir='ltr'>ad</span> <span class='ocrx_word' id='word_1_136' title='bbox 1460 2083 1491 2145; x_wconf 95' lang='lat' dir='ltr'>id</span> <span class='ocrx_word' id='word_1_137' title='bbox 1516 2082 1697 2144; x_wconf 88' lang='lat' dir='ltr'>laciendum</span> <span class='ocrx_word' id='word_1_138' title='bbox 1721 2083 1933 2144; x_wconf 87' lang='lat' dir='ltr'>decreverunt</span> <span class='ocrx_word' id='word_1_139' title='bbox 1949 2101 1988 2142; x_wconf 89' lang='lat' dir='ltr'>ac</span> 
     </span>
     <span class='ocr_line' id='line_1_14' title="bbox 433 2185 1988 2272; baseline 0.001 -26"><span class='ocrx_word' id='word_1_140' title='bbox 433 2185 574 2248; x_wconf 89' lang='lat' dir='ltr'>dandum</span> <span class='ocrx_word' id='word_1_141' title='bbox 599 2189 829 2251; x_wconf 87' lang='lat' dir='ltr'>commiserunt</span> <span class='ocrx_word' id='word_1_142' title='bbox 853 2210 890 2250; x_wconf 92' lang='lat' dir='ltr'>ac</span> <span class='ocrx_word' id='word_1_143' title='bbox 915 2190 1165 2262; x_wconf 90' lang='lat' dir='ltr'>mandaverunt,</span> <span class='ocrx_word' id='word_1_144' title='bbox 1199 2201 1231 2252; x_wconf 91' lang='lat' dir='ltr'>et</span> <span class='ocrx_word' id='word_1_145' title='bbox 1255 2200 1413 2252; x_wconf 88' lang='lat' dir='ltr'>exeuntes</span> <span class='ocrx_word' id='word_1_146' title='bbox 1445 2191 1486 2252; x_wconf 93' lang='lat' dir='ltr'>de</span> <span class='ocrx_word' id='word_1_147' title='bbox 1509 2191 1698 2272; x_wconf 89' lang='lat' dir='ltr'>capitulario</span> <span class='ocrx_word' id='word_1_148' title='bbox 1733 2201 1809 2252; x_wconf 88' lang='lat' dir='ltr'>ante</span> <span class='ocrx_word' id='word_1_149' title='bbox 1834 2208 1988 2269; x_wconf 84' lang='lat' dir='ltr'>magnum</span> 
     </span>
     <span class='ocr_line' id='line_1_15' title="bbox 433 2293 1989 2377; baseline 0.001 -23"><span class='ocrx_word' id='word_1_150' title='bbox 433 2294 534 2356; x_wconf 88' lang='lat' dir='ltr'>altare</span> <span class='ocrx_word' id='word_1_151' title='bbox 558 2293 692 2356; x_wconf 90' lang='lat' dir='ltr'>chorum</span> <span class='ocrx_word' id='word_1_152' title='bbox 727 2297 883 2358; x_wconf 85' lang='lat' dir='ltr'>intrantes</span> <span class='ocrx_word' id='word_1_153' title='bbox 908 2296 967 2358; x_wconf 90' lang='lat' dir='ltr'>bec</span> <span class='ocrx_word' id='word_1_154' title='bbox 991 2297 1105 2358; x_wconf 89' lang='lat' dir='ltr'>eadem</span> <span class='ocrx_word' id='word_1_155' title='bbox 1140 2316 1249 2358; x_wconf 89' lang='lat' dir='ltr'>coram</span> <span class='ocrx_word' id='word_1_156' title='bbox 1275 2297 1363 2358; x_wconf 90' lang='lat' dir='ltr'>clero</span> <span class='ocrx_word' id='word_1_157' title='bbox 1388 2311 1421 2360; x_wconf 91' lang='lat' dir='ltr'>et</span> <span class='ocrx_word' id='word_1_158' title='bbox 1447 2296 1650 2360; x_wconf 90' lang='lat' dir='ltr'>multitudiue</span> <span class='ocrx_word' id='word_1_159' title='bbox 1675 2296 1781 2377; x_wconf 90' lang='lat' dir='ltr'>plebis</span> <span class='ocrx_word' id='word_1_160' title='bbox 1806 2307 1883 2357; x_wconf 89' lang='lat' dir='ltr'>tunc</span> <span class='ocrx_word' id='word_1_161' title='bbox 1908 2295 1989 2356; x_wconf 88' lang='lat' dir='ltr'>exis-</span> 
     </span>
     <span class='ocr_line' id='line_1_16' title="bbox 432 2401 1989 2485; baseline 0 -24"><span class='ocrx_word' id='word_1_162' title='bbox 432 2401 531 2462; x_wconf 91' lang='lat' dir='ltr'>tentis</span> <span class='ocrx_word' id='word_1_163' title='bbox 557 2423 614 2478; x_wconf 88' lang='lat' dir='ltr'>per</span> <span class='ocrx_word' id='word_1_164' title='bbox 638 2423 746 2466; x_wconf 87' lang='lat' dir='ltr'>vener.</span> <span class='ocrx_word' id='word_1_165' title='bbox 771 2405 869 2466; x_wconf 90' lang='lat' dir='ltr'>dnum</span> <span class='ocrx_word' id='word_1_166' title='bbox 893 2403 1089 2466; x_wconf 87' lang='lat' dir='ltr'>Stanislaum</span> <span class='ocrx_word' id='word_1_167' title='bbox 1117 2403 1306 2485; x_wconf 87' lang='lat' dir='ltr'>Goreczsky</span> <span class='ocrx_word' id='word_1_168' title='bbox 1330 2405 1499 2466; x_wconf 83' lang='lat' dir='ltr'>custodem</span> <span class='ocrx_word' id='word_1_169' title='bbox 1525 2403 1731 2466; x_wconf 90' lang='lat' dir='ltr'>Ploczensem</span> <span class='ocrx_word' id='word_1_170' title='bbox 1749 2415 1781 2465; x_wconf 91' lang='lat' dir='ltr'>et</span> <span class='ocrx_word' id='word_1_171' title='bbox 1799 2403 1989 2464; x_wconf 90' lang='lat' dir='ltr'>canonicum</span> 
     </span>
     <span class='ocr_line' id='line_1_17' title="bbox 432 2507 1988 2588; baseline 0.001 -20"><span class='ocrx_word' id='word_1_172' title='bbox 432 2507 570 2570; x_wconf 84' lang='lat' dir='ltr'>Poznau.</span> <span class='ocrx_word' id='word_1_173' title='bbox 595 2509 723 2588; x_wconf 91' lang='lat' dir='ltr'>publice</span> <span class='ocrx_word' id='word_1_174' title='bbox 758 2509 1002 2573; x_wconf 86' lang='lat' dir='ltr'>declaraverunt</span> <span class='ocrx_word' id='word_1_175' title='bbox 1026 2521 1059 2574; x_wconf 89' lang='lat' dir='ltr'>et</span> <span class='ocrx_word' id='word_1_176' title='bbox 1083 2511 1214 2574; x_wconf 91' lang='lat' dir='ltr'>taudem</span> <span class='ocrx_word' id='word_1_177' title='bbox 1256 2511 1323 2573; x_wconf 63' lang='lat' dir='ltr'>’Te</span> <span class='ocrx_word' id='word_1_178' title='bbox 1347 2511 1451 2573; x_wconf 89' lang='lat' dir='ltr'>Deum</span> <span class='ocrx_word' id='word_1_179' title='bbox 1478 2511 1663 2574; x_wconf 80' lang='lat' dir='ltr'>laudamus«</span> <span class='ocrx_word' id='word_1_180' title='bbox 1691 2512 1878 2573; x_wconf 88' lang='lat' dir='ltr'>cecinerunt</span> <span class='ocrx_word' id='word_1_181' title='bbox 1902 2509 1988 2570; x_wconf 89' lang='lat' dir='ltr'>clero</span> 
     </span>
     <span class='ocr_line' id='line_1_18' title="bbox 434 2617 1234 2697; baseline 0.011 -21"><span class='ocrx_word' id='word_1_182' title='bbox 434 2618 657 2696; x_wconf 89' lang='lat' dir='ltr'>prosequenti;</span> <span class='ocrx_word' id='word_1_183' title='bbox 682 2617 907 2697; x_wconf 87' lang='lat' dir='ltr'>presentibus.</span> <span class='ocrx_word' id='word_1_184' title='bbox 921 2667 928 2682; x_wconf 91' lang='lat'><strong>.</strong></span> <span class='ocrx_word' id='word_1_185' title='bbox 1231 2626 1234 2632; x_wconf 85' lang='lat'>&#39;</span> 
     </span>
    </p>
   </div>
   <div class='ocr_carea' id='block_1_5' title="bbox 648 2838 1368 2921">
    <p class='ocr_par' dir='ltr' id='par_1_5' title="bbox 648 2838 1368 2921">
     <span class='ocr_line' id='line_1_19' title="bbox 648 2838 1368 2921; baseline 0 -21"><span class='ocrx_word' id='word_1_186' title='bbox 648 2838 690 2900; x_wconf 89' lang='lat' dir='ltr'>A.</span> <span class='ocrx_word' id='word_1_187' title='bbox 720 2853 817 2918; x_wconf 84' lang='lat'>1520,</span> <span class='ocrx_word' id='word_1_188' title='bbox 843 2838 910 2900; x_wconf 90' lang='lat' dir='ltr'>Iulii</span> <span class='ocrx_word' id='word_1_189' title='bbox 936 2855 970 2917; x_wconf 86' lang='lat'>3,</span> <span class='ocrx_word' id='word_1_190' title='bbox 996 2840 1027 2899; x_wconf 88' lang='lat' dir='ltr'>iu</span> <span class='ocrx_word' id='word_1_191' title='bbox 1050 2838 1193 2920; x_wconf 91' lang='lat' dir='ltr'>capitulo</span> <span class='ocrx_word' id='word_1_192' title='bbox 1217 2839 1368 2921; x_wconf 85' lang='lat' dir='ltr'>generali.</span> 
     </span>
    </p>
   </div>
   <div class='ocr_carea' id='block_1_6' title="bbox 430 2975 1990 4134">
    <p class='ocr_par' dir='ltr' id='par_1_6' title="bbox 430 2975 1990 4134">
     <span class='ocr_line' id='line_1_20' title="bbox 545 2975 1989 3062; baseline -0.003 -20"><span class='ocrx_word' id='word_1_193' title='bbox 545 2975 656 3042; x_wconf 78' lang='lat'><strong>1093.</strong></span> <span class='ocrx_word' id='word_1_194' title='bbox 688 2980 785 3061; x_wconf 83' lang='lat' dir='ltr'>(VIII.</span> <span class='ocrx_word' id='word_1_195' title='bbox 815 2980 893 3062; x_wconf 86' lang='lat'><strong>120).</strong></span> <span class='ocrx_word' id='word_1_196' title='bbox 928 2980 1051 3042; x_wconf 87' lang='lat' dir='ltr'>Ibidem</span> <span class='ocrx_word' id='word_1_197' title='bbox 1088 2981 1203 3061; x_wconf 83' lang='lat' dir='ltr'>prelati</span> <span class='ocrx_word' id='word_1_198' title='bbox 1235 2983 1290 3044; x_wconf 91' lang='lat' dir='ltr'>dni</span> <span class='ocrx_word' id='word_1_199' title='bbox 1315 3030 1343 3044; x_wconf 91' lang='lat'>..</span> <span class='ocrx_word' id='word_1_200' title='bbox 1367 2981 1606 3042; x_wconf 90' lang='lat' dir='ltr'>constituerunt</span> <span class='ocrx_word' id='word_1_201' title='bbox 1640 3001 1749 3042; x_wconf 88' lang='lat' dir='ltr'>vener.</span> <span class='ocrx_word' id='word_1_202' title='bbox 1786 2981 1873 3041; x_wconf 89' lang='lat' dir='ltr'>viros</span> <span class='ocrx_word' id='word_1_203' title='bbox 1908 2979 1989 3040; x_wconf 89' lang='lat' dir='ltr'>dnos</span> 
     </span>
     <span class='ocr_line' id='line_1_21' title="bbox 434 3083 1987 3169; baseline -0.001 -23"><span class='ocrx_word' id='word_1_204' title='bbox 434 3085 603 3148; x_wconf 88' lang='lat' dir='ltr'>Andream</span> <span class='ocrx_word' id='word_1_205' title='bbox 628 3087 782 3167; x_wconf 83' lang='lat' dir='ltr'>Criczsky</span> <span class='ocrx_word' id='word_1_206' title='bbox 808 3089 1021 3169; x_wconf 86' lang='lat' dir='ltr'>prepositum,</span> <span class='ocrx_word' id='word_1_207' title='bbox 1047 3088 1220 3152; x_wconf 80' lang='lat' dir='ltr'>Martinam</span> <span class='ocrx_word' id='word_1_208' title='bbox 1245 3085 1461 3168; x_wconf 87' lang='lat' dir='ltr'>Rambyesky</span> <span class='ocrx_word' id='word_1_209' title='bbox 1478 3087 1650 3160; x_wconf 84' lang='lat' dir='ltr'>decanum,</span> <span class='ocrx_word' id='word_1_210' title='bbox 1674 3087 1845 3149; x_wconf 89' lang='lat' dir='ltr'>Nicolaum</span> <span class='ocrx_word' id='word_1_211' title='bbox 1863 3083 1987 3163; x_wconf 78' lang='lat' dir='ltr'>Oleslcy</span> 
     </span>
     <span class='ocr_line' id='line_1_22' title="bbox 434 3191 1990 3258; baseline -0.003 -3"><span class='ocrx_word' id='word_1_212' title='bbox 434 3204 467 3256; x_wconf 89' lang='lat' dir='ltr'>et</span> <span class='ocrx_word' id='word_1_213' title='bbox 490 3193 667 3256; x_wconf 87' lang='lat' dir='ltr'>Iohannem</span> <span class='ocrx_word' id='word_1_214' title='bbox 691 3195 732 3257; x_wconf 90' lang='lat' dir='ltr'>de</span> <span class='ocrx_word' id='word_1_215' title='bbox 757 3195 932 3258; x_wconf 89' lang='lat' dir='ltr'>Charbovo</span> <span class='ocrx_word' id='word_1_216' title='bbox 956 3195 1161 3257; x_wconf 87' lang='lat' dir='ltr'>decretorum</span> <span class='ocrx_word' id='word_1_217' title='bbox 1198 3195 1366 3258; x_wconf 91' lang='lat' dir='ltr'>doctorem</span> <span class='ocrx_word' id='word_1_218' title='bbox 1399 3197 1574 3257; x_wconf 89' lang='lat' dir='ltr'>canonicos</span> <span class='ocrx_word' id='word_1_219' title='bbox 1600 3195 1737 3256; x_wconf 88' lang='lat' dir='ltr'>Poznau.</span> <span class='ocrx_word' id='word_1_220' title='bbox 1763 3195 1794 3254; x_wconf 89' lang='lat' dir='ltr'>iu</span> <span class='ocrx_word' id='word_1_221' title='bbox 1819 3191 1990 3253; x_wconf 91' lang='lat' dir='ltr'>Thoru-</span> 
     </span>
     <span class='ocr_line' id='line_1_23' title="bbox 434 3297 1987 3384; baseline -0.001 -23"><span class='ocrx_word' id='word_1_222' title='bbox 434 3301 551 3362; x_wconf 87' lang='lat' dir='ltr'>niam</span> <span class='ocrx_word' id='word_1_223' title='bbox 590 3303 798 3382; x_wconf 87' lang='lat' dir='ltr'>equitandum</span> <span class='ocrx_word' id='word_1_224' title='bbox 822 3303 862 3364; x_wconf 86' lang='lat' dir='ltr'>ad</span> <span class='ocrx_word' id='word_1_225' title='bbox 889 3303 1007 3364; x_wconf 86' lang='lat' dir='ltr'>Rmum</span> <span class='ocrx_word' id='word_1_226' title='bbox 1031 3351 1057 3366; x_wconf 94' lang='lat'>..</span> <span class='ocrx_word' id='word_1_227' title='bbox 1082 3303 1182 3364; x_wconf 90' lang='lat' dir='ltr'>dnum</span> <span class='ocrx_word' id='word_1_228' title='bbox 1206 3303 1335 3365; x_wconf 88' lang='lat' dir='ltr'>Petrum</span> <span class='ocrx_word' id='word_1_229' title='bbox 1359 3301 1389 3364; x_wconf 93' lang='lat' dir='ltr'>d.</span> <span class='ocrx_word' id='word_1_230' title='bbox 1414 3324 1446 3384; x_wconf 84' lang='lat' dir='ltr'>g.</span> <span class='ocrx_word' id='word_1_231' title='bbox 1470 3301 1578 3382; x_wconf 89' lang='lat' dir='ltr'>Epum</span> <span class='ocrx_word' id='word_1_232' title='bbox 1602 3302 1867 3364; x_wconf 86' lang='lat' dir='ltr'>Przcmislensem</span> <span class='ocrx_word' id='word_1_233' title='bbox 1892 3309 1924 3360; x_wconf 91' lang='lat' dir='ltr'>et</span> <span class='ocrx_word' id='word_1_234' title='bbox 1948 3297 1987 3359; x_wconf 94' lang='lat' dir='ltr'>R.</span> 
     </span>
     <span class='ocr_line' id='line_1_24' title="bbox 433 3406 1989 3489; baseline -0.002 -20"><span class='ocrx_word' id='word_1_235' title='bbox 433 3407 464 3469; x_wconf 92' lang='lat' dir='ltr'>P.</span> <span class='ocrx_word' id='word_1_236' title='bbox 501 3409 797 3471; x_wconf 90' lang='lat' dir='ltr'>vicecancellarium</span> <span class='ocrx_word' id='word_1_237' title='bbox 832 3411 873 3471; x_wconf 89' lang='lat' dir='ltr'>ad</span> <span class='ocrx_word' id='word_1_238' title='bbox 908 3409 1049 3471; x_wconf 89' lang='lat' dir='ltr'>eundum</span> <span class='ocrx_word' id='word_1_239' title='bbox 1084 3421 1117 3472; x_wconf 89' lang='lat' dir='ltr'>et</span> <span class='ocrx_word' id='word_1_240' title='bbox 1151 3431 1209 3472; x_wconf 91' lang='lat' dir='ltr'>sue</span> <span class='ocrx_word' id='word_1_241' title='bbox 1244 3409 1292 3472; x_wconf 92' lang='lat' dir='ltr'>Pti</span> <span class='ocrx_word' id='word_1_242' title='bbox 1329 3411 1713 3489; x_wconf 90' lang='lat' dir='ltr'>postulationem</span> <span class='ocrx_word' id='word_1_243' title='bbox 1749 3408 1789 3469; x_wconf 89' lang='lat' dir='ltr'>ad</span> <span class='ocrx_word' id='word_1_244' title='bbox 1820 3406 1989 3468; x_wconf 87' lang='lat' dir='ltr'>ecclesiam</span> 
     </span>
     <span class='ocr_line' id='line_1_25' title="bbox 432 3511 1990 3597; baseline -0.002 -22"><span class='ocrx_word' id='word_1_245' title='bbox 432 3515 570 3578; x_wconf 86' lang='lat' dir='ltr'>Poznau.</span> <span class='ocrx_word' id='word_1_246' title='bbox 595 3517 719 3597; x_wconf 92' lang='lat' dir='ltr'>pridem</span> <span class='ocrx_word' id='word_1_247' title='bbox 744 3515 862 3580; x_wconf 88' lang='lat' dir='ltr'>saetam</span> <span class='ocrx_word' id='word_1_248' title='bbox 887 3516 1098 3578; x_wconf 91' lang='lat' dir='ltr'>intimandum</span> <span class='ocrx_word' id='word_1_249' title='bbox 1123 3528 1156 3580; x_wconf 88' lang='lat' dir='ltr'>et</span> <span class='ocrx_word' id='word_1_250' title='bbox 1181 3517 1411 3578; x_wconf 83' lang='lat' dir='ltr'>notificandum</span> <span class='ocrx_word' id='word_1_251' title='bbox 1433 3537 1560 3578; x_wconf 88' lang='lat' dir='ltr'>necnon</span> <span class='ocrx_word' id='word_1_252' title='bbox 1585 3535 1778 3578; x_wconf 87' lang='lat' dir='ltr'>consensum</span> <span class='ocrx_word' id='word_1_253' title='bbox 1796 3515 1837 3575; x_wconf 88' lang='lat' dir='ltr'>ad</span> <span class='ocrx_word' id='word_1_254' title='bbox 1854 3511 1990 3576; x_wconf 86' lang='lat' dir='ltr'>eandem</span> 
     </span>
     <span class='ocr_line' id='line_1_26' title="bbox 431 3622 1990 3706; baseline -0.003 -22"><span class='ocrx_word' id='word_1_255' title='bbox 431 3622 685 3702; x_wconf 89' lang='lat' dir='ltr'>postulationem</span> <span class='ocrx_word' id='word_1_256' title='bbox 721 3625 807 3704; x_wconf 90' lang='lat' dir='ltr'>apud</span> <span class='ocrx_word' id='word_1_257' title='bbox 844 3625 963 3687; x_wconf 85' lang='lat' dir='ltr'>Sedem</span> <span class='ocrx_word' id='word_1_258' title='bbox 1000 3624 1119 3705; x_wconf 92' lang='lat' dir='ltr'>Apost.</span> <span class='ocrx_word' id='word_1_259' title='bbox 1144 3623 1325 3685; x_wconf 90' lang='lat' dir='ltr'>faciendam</span> <span class='ocrx_word' id='word_1_260' title='bbox 1350 3634 1383 3686; x_wconf 91' lang='lat' dir='ltr'>ct</span> <span class='ocrx_word' id='word_1_261' title='bbox 1407 3624 1645 3706; x_wconf 87' lang='lat' dir='ltr'>impetrandam</span> <span class='ocrx_word' id='word_1_262' title='bbox 1670 3635 1703 3686; x_wconf 90' lang='lat' dir='ltr'>et</span> <span class='ocrx_word' id='word_1_263' title='bbox 1727 3622 1788 3684; x_wconf 88' lang='lat' dir='ltr'>alia</span> <span class='ocrx_word' id='word_1_264' title='bbox 1812 3623 1898 3682; x_wconf 87' lang='lat' dir='ltr'>circa</span> <span class='ocrx_word' id='word_1_265' title='bbox 1922 3641 1990 3700; x_wconf 88' lang='lat' dir='ltr'>pre·</span> 
     </span>
     <span class='ocr_line' id='line_1_27' title="bbox 432 3725 1989 3812; baseline -0.002 -21"><span class='ocrx_word' id='word_1_266' title='bbox 432 3733 529 3792; x_wconf 89' lang='lat' dir='ltr'>missa</span> <span class='ocrx_word' id='word_1_267' title='bbox 554 3733 733 3794; x_wconf 87' lang='lat' dir='ltr'>necessaria</span> <span class='ocrx_word' id='word_1_268' title='bbox 769 3731 966 3809; x_wconf 88' lang='lat' dir='ltr'>faciendum,</span> <span class='ocrx_word' id='word_1_269' title='bbox 1003 3751 1130 3793; x_wconf 89' lang='lat' dir='ltr'>necnon</span> <span class='ocrx_word' id='word_1_270' title='bbox 1156 3731 1196 3793; x_wconf 93' lang='lat' dir='ltr'>ad</span> <span class='ocrx_word' id='word_1_271' title='bbox 1220 3729 1384 3812; x_wconf 86' lang='lat' dir='ltr'>agendum</span> <span class='ocrx_word' id='word_1_272' title='bbox 1414 3743 1447 3794; x_wconf 90' lang='lat' dir='ltr'>et</span> <span class='ocrx_word' id='word_1_273' title='bbox 1471 3730 1735 3812; x_wconf 89' lang='lat' dir='ltr'>componendum</span> <span class='ocrx_word' id='word_1_274' title='bbox 1760 3749 1832 3791; x_wconf 90' lang='lat' dir='ltr'>cum</span> <span class='ocrx_word' id='word_1_275' title='bbox 1858 3725 1989 3808; x_wconf 83' lang='lat' dir='ltr'>magnif.</span> 
     </span>
     <span class='ocr_line' id='line_1_28' title="bbox 433 3831 1987 3920; baseline -0.003 -22"><span class='ocrx_word' id='word_1_276' title='bbox 433 3837 498 3898; x_wconf 89' lang='lat' dir='ltr'>dno</span> <span class='ocrx_word' id='word_1_277' title='bbox 523 3838 660 3902; x_wconf 87' lang='lat' dir='ltr'>Nicolao</span> <span class='ocrx_word' id='word_1_278' title='bbox 684 3841 725 3902; x_wconf 93' lang='lat' dir='ltr'>de</span> <span class='ocrx_word' id='word_1_279' title='bbox 750 3840 919 3902; x_wconf 89' lang='lat' dir='ltr'>Lubrancz</span> <span class='ocrx_word' id='word_1_280' title='bbox 956 3831 1099 3920; x_wconf 88' lang='lat' dir='ltr'>palatino</span> <span class='ocrx_word' id='word_1_281' title='bbox 1138 3835 1273 3900; x_wconf 84' lang='lat' dir='ltr'>l’ozuan.</span> <span class='ocrx_word' id='word_1_282' title='bbox 1298 3859 1395 3918; x_wconf 88' lang='lat' dir='ltr'>super</span> <span class='ocrx_word' id='word_1_283' title='bbox 1430 3839 1527 3900; x_wconf 91' lang='lat' dir='ltr'>rebus</span> <span class='ocrx_word' id='word_1_284' title='bbox 1553 3859 1611 3919; x_wconf 89' lang='lat' dir='ltr'>per</span> <span class='ocrx_word' id='word_1_285' title='bbox 1634 3839 1710 3900; x_wconf 93' lang='lat' dir='ltr'>olim</span> <span class='ocrx_word' id='word_1_286' title='bbox 1746 3837 1866 3898; x_wconf 89' lang='lat' dir='ltr'>Rmum</span> <span class='ocrx_word' id='word_1_287' title='bbox 1891 3835 1987 3896; x_wconf 89' lang='lat' dir='ltr'>dnum</span> 
     </span>
     <span class='ocr_line' id='line_1_29' title="bbox 430 3943 1988 4028; baseline -0.003 -22"><span class='ocrx_word' id='word_1_288' title='bbox 430 3943 607 4008; x_wconf 89' lang='lat' dir='ltr'>Iohannem</span> <span class='ocrx_word' id='word_1_289' title='bbox 631 3947 661 4009; x_wconf 93' lang='lat' dir='ltr'>d.</span> <span class='ocrx_word' id='word_1_290' title='bbox 685 3970 717 4028; x_wconf 82' lang='lat' dir='ltr'>g.</span> <span class='ocrx_word' id='word_1_291' title='bbox 743 3947 849 4028; x_wconf 89' lang='lat' dir='ltr'>Epum</span> <span class='ocrx_word' id='word_1_292' title='bbox 874 3947 1012 4008; x_wconf 87' lang='lat' dir='ltr'>Poznau.</span> <span class='ocrx_word' id='word_1_293' title='bbox 1028 3946 1215 4008; x_wconf 87' lang='lat' dir='ltr'>defunctum</span> <span class='ocrx_word' id='word_1_294' title='bbox 1232 3947 1407 4008; x_wconf 91' lang='lat' dir='ltr'>novissime</span> <span class='ocrx_word' id='word_1_295' title='bbox 1423 3945 1594 4020; x_wconf 84' lang='lat' dir='ltr'>derelictis,</span> <span class='ocrx_word' id='word_1_296' title='bbox 1611 3943 1786 4026; x_wconf 85' lang='lat' dir='ltr'>plenariam</span> <span class='ocrx_word' id='word_1_297' title='bbox 1803 3943 1988 4006; x_wconf 82' lang='lat' dir='ltr'>facultatem</span> 
     </span>
     <span class='ocr_line' id='line_1_30' title="bbox 432 4054 944 4134; baseline 0.004 -20"><span class='ocrx_word' id='word_1_298' title='bbox 432 4055 511 4134; x_wconf 91' lang='lat' dir='ltr'>ipsis</span> <span class='ocrx_word' id='word_1_299' title='bbox 535 4055 576 4116; x_wconf 90' lang='lat' dir='ltr'>ad</span> <span class='ocrx_word' id='word_1_300' title='bbox 599 4055 659 4118; x_wconf 86' lang='lat' dir='ltr'>hec</span> <span class='ocrx_word' id='word_1_301' title='bbox 683 4054 944 4117; x_wconf 89' lang='lat' dir='ltr'>concedentes..</span> 
     </span>
    </p>
   </div>
   <div class='ocr_carea' id='block_1_7' title="bbox 432 4191 1990 4492">
    <p class='ocr_par' dir='ltr' id='par_1_7' title="bbox 432 4191 1990 4492">
     <span class='ocr_line' id='line_1_31' title="bbox 544 4191 1990 4277; baseline -0.006 -18"><span class='ocrx_word' id='word_1_302' title='bbox 544 4192 655 4262; x_wconf 78' lang='lat'><strong>1094.</strong></span> <span class='ocrx_word' id='word_1_303' title='bbox 680 4195 783 4277; x_wconf 88' lang='lat' dir='ltr'>(Ibid.)</span> <span class='ocrx_word' id='word_1_304' title='bbox 818 4195 940 4258; x_wconf 91' lang='lat' dir='ltr'>Ibidem</span> <span class='ocrx_word' id='word_1_305' title='bbox 966 4195 1180 4258; x_wconf 87' lang='lat' dir='ltr'>decreverunt</span> <span class='ocrx_word' id='word_1_306' title='bbox 1204 4195 1276 4256; x_wconf 89' lang='lat' dir='ltr'>duis</span> <span class='ocrx_word' id='word_1_307' title='bbox 1300 4194 1330 4255; x_wconf 92' lang='lat' dir='ltr'>in</span> <span class='ocrx_word' id='word_1_308' title='bbox 1363 4193 1552 4256; x_wconf 89' lang='lat' dir='ltr'>Thorun</span> <span class='ocrx_word' id='word_1_309' title='bbox 1589 4192 1753 4274; x_wconf 87' lang='lat' dir='ltr'>deputatis</span> <span class='ocrx_word' id='word_1_310' title='bbox 1779 4191 1844 4254; x_wconf 86' lang='lat' dir='ltr'>XX</span> <span class='ocrx_word' id='word_1_311' title='bbox 1868 4209 1990 4252; x_wconf 86' lang='lat' dir='ltr'>marcas</span> 
     </span>
     <span class='ocr_line' id='line_1_32' title="bbox 432 4297 1990 4384; baseline -0.004 -20"><span class='ocrx_word' id='word_1_312' title='bbox 432 4301 472 4363; x_wconf 92' lang='lat' dir='ltr'>de</span> <span class='ocrx_word' id='word_1_313' title='bbox 497 4305 640 4383; x_wconf 90' lang='lat' dir='ltr'>pecuniis</span> <span class='ocrx_word' id='word_1_314' title='bbox 664 4305 742 4365; x_wconf 92' lang='lat' dir='ltr'>olim</span> <span class='ocrx_word' id='word_1_315' title='bbox 766 4305 821 4365; x_wconf 90' lang='lat' dir='ltr'>dni</span> <span class='ocrx_word' id='word_1_316' title='bbox 844 4303 906 4384; x_wconf 92' lang='lat' dir='ltr'>Epi</span> <span class='ocrx_word' id='word_1_317' title='bbox 931 4302 1071 4366; x_wconf 87' lang='lat' dir='ltr'>defuncti</span> <span class='ocrx_word' id='word_1_318' title='bbox 1096 4313 1129 4365; x_wconf 90' lang='lat' dir='ltr'>ct</span> <span class='ocrx_word' id='word_1_319' title='bbox 1153 4301 1219 4364; x_wconf 92' lang='lat' dir='ltr'>dno</span> <span class='ocrx_word' id='word_1_320' title='bbox 1243 4301 1461 4382; x_wconf 80' lang='lat' dir='ltr'>Rambyeslcy</span> <span class='ocrx_word' id='word_1_321' title='bbox 1486 4301 1610 4362; x_wconf 89' lang='lat' dir='ltr'>decano</span> <span class='ocrx_word' id='word_1_322' title='bbox 1634 4299 1666 4362; x_wconf 92' lang='lat' dir='ltr'>V</span> <span class='ocrx_word' id='word_1_323' title='bbox 1691 4319 1815 4360; x_wconf 89' lang='lat' dir='ltr'>marcas</span> <span class='ocrx_word' id='word_1_324' title='bbox 1840 4297 1881 4360; x_wconf 91' lang='lat' dir='ltr'>de</span> <span class='ocrx_word' id='word_1_325' title='bbox 1900 4318 1990 4378; x_wconf 91' lang='lat' dir='ltr'>pecu·</span> 
     </span>
     <span class='ocr_line' id='line_1_33' title="bbox 433 4410 954 4492; baseline 0.006 -22"><span class='ocrx_word' id='word_1_326' title='bbox 433 4411 492 4471; x_wconf 89' lang='lat' dir='ltr'>niis</span> <span class='ocrx_word' id='word_1_327' title='bbox 516 4410 611 4473; x_wconf 87' lang='lat' dir='ltr'>suturi</span> <span class='ocrx_word' id='word_1_328' title='bbox 635 4410 797 4492; x_wconf 86' lang='lat' dir='ltr'>pontificis</span> <span class='ocrx_word' id='word_1_329' title='bbox 820 4411 954 4474; x_wconf 89' lang='lat' dir='ltr'>dandas.</span> 
     </span>
    </p>
   </div>
   <div class='ocr_carea' id='block_1_8' title="bbox 647 4657 1395 4740">
    <p class='ocr_par' dir='ltr' id='par_1_8' title="bbox 647 4657 1395 4740">
     <span class='ocr_line' id='line_1_34' title="bbox 647 4657 1395 4740; baseline -0.003 -21"><span class='ocrx_word' id='word_1_330' title='bbox 647 4657 690 4720; x_wconf 94' lang='lat' dir='ltr'>A.</span> <span class='ocrx_word' id='word_1_331' title='bbox 722 4673 820 4740; x_wconf 82' lang='lat'>1520,</span> <span class='ocrx_word' id='word_1_332' title='bbox 846 4659 914 4720; x_wconf 91' lang='lat' dir='ltr'>Iulii</span> <span class='ocrx_word' id='word_1_333' title='bbox 943 4677 992 4731; x_wconf 89' lang='lat'>12,</span> <span class='ocrx_word' id='word_1_334' title='bbox 1018 4661 1049 4720; x_wconf 92' lang='lat' dir='ltr'>in</span> <span class='ocrx_word' id='word_1_335' title='bbox 1075 4659 1219 4739; x_wconf 90' lang='lat' dir='ltr'>capitulo</span> <span class='ocrx_word' id='word_1_336' title='bbox 1243 4657 1395 4740; x_wconf 86' lang='lat' dir='ltr'>generali.</span> 
     </span>
    </p>
   </div>
   <div class='ocr_carea' id='block_1_9' title="bbox 432 4794 1992 5203">
    <p class='ocr_par' dir='ltr' id='par_1_9' title="bbox 432 4794 1992 5203">
     <span class='ocr_line' id='line_1_35' title="bbox 544 4794 1990 4880; baseline -0.008 -16"><span class='ocrx_word' id='word_1_337' title='bbox 544 4797 777 4880; x_wconf 81' lang='lat' dir='ltr'><strong>1095.(V111.</strong></span> <span class='ocrx_word' id='word_1_338' title='bbox 807 4801 892 4880; x_wconf 88' lang='lat'>120⁰)</span> <span class='ocrx_word' id='word_1_339' title='bbox 917 4849 942 4862; x_wconf 91' lang='lat'>..</span> <span class='ocrx_word' id='word_1_340' title='bbox 966 4801 1084 4862; x_wconf 89' lang='lat' dir='ltr'>Vener.</span> <span class='ocrx_word' id='word_1_341' title='bbox 1120 4800 1168 4862; x_wconf 90' lang='lat' dir='ltr'>vir</span> <span class='ocrx_word' id='word_1_342' title='bbox 1202 4799 1286 4860; x_wconf 92' lang='lat' dir='ltr'>dnus</span> <span class='ocrx_word' id='word_1_343' title='bbox 1321 4797 1483 4860; x_wconf 89' lang='lat' dir='ltr'>Iohannes</span> <span class='ocrx_word' id='word_1_344' title='bbox 1520 4794 1749 4876; x_wconf 79' lang='lat' dir='ltr'>Charbowslcy</span> <span class='ocrx_word' id='word_1_345' title='bbox 1786 4794 1990 4856; x_wconf 90' lang='lat' dir='ltr'>decretorum</span> 
     </span>
     <span class='ocr_line' id='line_1_36' title="bbox 432 4901 1990 4986; baseline -0.005 -18"><span class='ocrx_word' id='word_1_346' title='bbox 432 4908 548 4970; x_wconf 91' lang='lat' dir='ltr'>doctor</span> <span class='ocrx_word' id='word_1_347' title='bbox 572 4909 745 4970; x_wconf 89' lang='lat' dir='ltr'>canonicus</span> <span class='ocrx_word' id='word_1_348' title='bbox 769 4906 906 4969; x_wconf 86' lang='lat' dir='ltr'>Poznau.</span> <span class='ocrx_word' id='word_1_349' title='bbox 931 4908 1066 4968; x_wconf 88' lang='lat' dir='ltr'>vicarius</span> <span class='ocrx_word' id='word_1_350' title='bbox 1090 4909 1121 4967; x_wconf 86' lang='lat' dir='ltr'>In</span> <span class='ocrx_word' id='word_1_351' title='bbox 1146 4905 1373 4986; x_wconf 88' lang='lat' dir='ltr'>Spiritualibus</span> <span class='ocrx_word' id='word_1_352' title='bbox 1398 4915 1431 4966; x_wconf 92' lang='lat' dir='ltr'>et</span> <span class='ocrx_word' id='word_1_353' title='bbox 1455 4904 1599 4966; x_wconf 88' lang='lat' dir='ltr'>officialis</span> <span class='ocrx_word' id='word_1_354' title='bbox 1624 4924 1736 4984; x_wconf 83' lang='lat' dir='ltr'>gener.</span> <span class='ocrx_word' id='word_1_355' title='bbox 1754 4901 1895 4964; x_wconf 86' lang='lat' dir='ltr'>Poanan.</span> <span class='ocrx_word' id='word_1_356' title='bbox 1921 4919 1990 4980; x_wconf 92' lang='lat' dir='ltr'>pro·</span> 
     </span>
     <span class='ocr_line' id='line_1_37' title="bbox 432 5008 1991 5095; baseline -0.007 -18"><span class='ocrx_word' id='word_1_357' title='bbox 432 5027 561 5078; x_wconf 89' lang='lat' dir='ltr'>curator</span> <span class='ocrx_word' id='word_1_358' title='bbox 585 5015 746 5095; x_wconf 75' lang='lat' dir='ltr'>legitimus</span> <span class='ocrx_word' id='word_1_359' title='bbox 770 5015 886 5076; x_wconf 82' lang='lat' dir='ltr'>RmI..</span> <span class='ocrx_word' id='word_1_360' title='bbox 911 5013 966 5075; x_wconf 91' lang='lat' dir='ltr'>dui</span> <span class='ocrx_word' id='word_1_361' title='bbox 991 5013 1074 5076; x_wconf 90' lang='lat' dir='ltr'>Petri</span> <span class='ocrx_word' id='word_1_362' title='bbox 1099 5013 1128 5074; x_wconf 94' lang='lat' dir='ltr'>d.</span> <span class='ocrx_word' id='word_1_363' title='bbox 1152 5035 1183 5094; x_wconf 88' lang='lat' dir='ltr'>g.</span> <span class='ocrx_word' id='word_1_364' title='bbox 1207 5013 1268 5094; x_wconf 86' lang='lat' dir='ltr'>Epi</span> <span class='ocrx_word' id='word_1_365' title='bbox 1293 5012 1521 5075; x_wconf 88' lang='lat' dir='ltr'>Pozuaniensis</span> <span class='ocrx_word' id='word_1_366' title='bbox 1536 5057 1564 5072; x_wconf 93' lang='lat'>..</span> <span class='ocrx_word' id='word_1_367' title='bbox 1593 5011 1738 5091; x_wconf 89' lang='lat' dir='ltr'>prelatos</span> <span class='ocrx_word' id='word_1_368' title='bbox 1762 5019 1795 5070; x_wconf 90' lang='lat' dir='ltr'>et</span> <span class='ocrx_word' id='word_1_369' title='bbox 1819 5008 1991 5070; x_wconf 81' lang='lat' dir='ltr'>canonicos</span> 
     </span>
     <span class='ocr_line' id='line_1_38' title="bbox 432 5115 1992 5203; baseline -0.006 -19"><span class='ocrx_word' id='word_1_370' title='bbox 432 5123 567 5186; x_wconf 88' lang='lat' dir='ltr'>ecclesie</span> <span class='ocrx_word' id='word_1_371' title='bbox 593 5123 859 5186; x_wconf 87' lang='lat' dir='ltr'>Poznanieusis..</span> <span class='ocrx_word' id='word_1_372' title='bbox 885 5123 1051 5203; x_wconf 87' lang='lat' dir='ltr'>requisivit</span> <span class='ocrx_word' id='word_1_373' title='bbox 1075 5131 1108 5184; x_wconf 89' lang='lat' dir='ltr'>et</span> <span class='ocrx_word' id='word_1_374' title='bbox 1133 5123 1271 5190; x_wconf 88' lang='lat' dir='ltr'>monuit,</span> <span class='ocrx_word' id='word_1_375' title='bbox 1309 5122 1458 5202; x_wconf 85' lang='lat' dir='ltr'>quatInus</span> <span class='ocrx_word' id='word_1_376' title='bbox 1482 5121 1588 5200; x_wconf 89' lang='lat' dir='ltr'>ipsum</span> <span class='ocrx_word' id='word_1_377' title='bbox 1620 5119 1739 5178; x_wconf 93' lang='lat' dir='ltr'>Rmum</span> <span class='ocrx_word' id='word_1_378' title='bbox 1765 5165 1791 5179; x_wconf 93' lang='lat'>..</span> <span class='ocrx_word' id='word_1_379' title='bbox 1816 5116 1915 5177; x_wconf 91' lang='lat' dir='ltr'>dnum</span> <span class='ocrx_word' id='word_1_380' title='bbox 1939 5115 1992 5175; x_wconf 89' lang='lat' dir='ltr'>Pe·</span> 
     </span>
    </p>
   </div>
   <div class='ocr_carea' id='block_1_10' title="bbox 323 5221 1993 5317">
    <p class='ocr_par' dir='ltr' id='par_1_10' title="bbox 323 5221 1993 5317">
     <span class='ocr_line' id='line_1_39' title="bbox 323 5221 1993 5317; baseline -0.007 -24"><span class='ocrx_word' id='word_1_381' title='bbox 323 5314 324 5317; x_wconf 8' lang='lat'><em>*</em></span> <span class='ocrx_word' id='word_1_382' title='bbox 432 5241 516 5292; x_wconf 91' lang='lat' dir='ltr'>trum</span> <span class='ocrx_word' id='word_1_383' title='bbox 541 5230 570 5292; x_wconf 89' lang='lat' dir='ltr'>d.</span> <span class='ocrx_word' id='word_1_384' title='bbox 595 5253 624 5312; x_wconf 88' lang='lat' dir='ltr'>g.</span> <span class='ocrx_word' id='word_1_385' title='bbox 649 5230 755 5312; x_wconf 89' lang='lat' dir='ltr'>Epum</span> <span class='ocrx_word' id='word_1_386' title='bbox 780 5230 919 5292; x_wconf 91' lang='lat' dir='ltr'>Poznau.</span> <span class='ocrx_word' id='word_1_387' title='bbox 944 5231 985 5292; x_wconf 92' lang='lat' dir='ltr'>ad</span> <span class='ocrx_word' id='word_1_388' title='bbox 1010 5231 1236 5310; x_wconf 89' lang='lat' dir='ltr'>episcopatum</span> <span class='ocrx_word' id='word_1_389' title='bbox 1261 5228 1396 5290; x_wconf 89' lang='lat' dir='ltr'>ecclesie</span> <span class='ocrx_word' id='word_1_390' title='bbox 1422 5227 1559 5288; x_wconf 87' lang='lat' dir='ltr'>Poznau.</span> <span class='ocrx_word' id='word_1_391' title='bbox 1587 5236 1664 5306; x_wconf 93' lang='lat' dir='ltr'>post</span> <span class='ocrx_word' id='word_1_392' title='bbox 1686 5225 1810 5286; x_wconf 92' lang='lat' dir='ltr'>obitum</span> <span class='ocrx_word' id='word_1_393' title='bbox 1828 5222 1903 5283; x_wconf 92' lang='lat' dir='ltr'>Rmi</span> <span class='ocrx_word' id='word_1_394' title='bbox 1920 5221 1993 5283; x_wconf 76' lang='lat' dir='ltr'>olm</span> 
     </span>
    </p>
   </div>
   <div class='ocr_carea' id='block_1_11' title="bbox 430 5329 1992 5636">
    <p class='ocr_par' dir='ltr' id='par_1_11' title="bbox 430 5329 1992 5636">
     <span class='ocr_line' id='line_1_40' title="bbox 432 5329 1992 5416; baseline -0.008 -16"><span class='ocrx_word' id='word_1_395' title='bbox 432 5339 486 5400; x_wconf 90' lang='lat' dir='ltr'>dni</span> <span class='ocrx_word' id='word_1_396' title='bbox 510 5337 662 5400; x_wconf 87' lang='lat' dir='ltr'>Iohannis</span> <span class='ocrx_word' id='word_1_397' title='bbox 686 5337 726 5400; x_wconf 91' lang='lat' dir='ltr'>de</span> <span class='ocrx_word' id='word_1_398' title='bbox 751 5338 920 5401; x_wconf 85' lang='lat' dir='ltr'>Labrancz</span> <span class='ocrx_word' id='word_1_399' title='bbox 955 5348 1125 5400; x_wconf 84' lang='lat' dir='ltr'>vacantem</span> <span class='ocrx_word' id='word_1_400' title='bbox 1150 5337 1181 5397; x_wconf 90' lang='lat' dir='ltr'>iu</span> <span class='ocrx_word' id='word_1_401' title='bbox 1207 5333 1394 5416; x_wconf 86' lang='lat' dir='ltr'>pontificem</span> <span class='ocrx_word' id='word_1_402' title='bbox 1427 5344 1461 5396; x_wconf 93' lang='lat' dir='ltr'>et</span> <span class='ocrx_word' id='word_1_403' title='bbox 1485 5342 1652 5414; x_wconf 89' lang='lat' dir='ltr'>pastorem</span> <span class='ocrx_word' id='word_1_404' title='bbox 1693 5329 1836 5392; x_wconf 89' lang='lat' dir='ltr'>eiusdem</span> <span class='ocrx_word' id='word_1_405' title='bbox 1861 5329 1992 5391; x_wconf 88' lang='lat' dir='ltr'>ecclesie</span> 
     </span>
     <span class='ocr_line' id='line_1_41' title="bbox 432 5436 1991 5525; baseline -0.008 -19"><span class='ocrx_word' id='word_1_406' title='bbox 432 5446 569 5508; x_wconf 89' lang='lat' dir='ltr'>Poznau.</span> <span class='ocrx_word' id='word_1_407' title='bbox 594 5447 775 5525; x_wconf 86' lang='lat' dir='ltr'>reciperent</span> <span class='ocrx_word' id='word_1_408' title='bbox 799 5496 825 5508; x_wconf 94' lang='lat'>..</span> <span class='ocrx_word' id='word_1_409' title='bbox 852 5447 893 5508; x_wconf 91' lang='lat' dir='ltr'>Et</span> <span class='ocrx_word' id='word_1_410' title='bbox 917 5447 973 5508; x_wconf 90' lang='lat' dir='ltr'>dni</span> <span class='ocrx_word' id='word_1_411' title='bbox 997 5444 1113 5525; x_wconf 85' lang='lat' dir='ltr'>prefati</span> <span class='ocrx_word' id='word_1_412' title='bbox 1137 5493 1164 5505; x_wconf 93' lang='lat'>..</span> <span class='ocrx_word' id='word_1_413' title='bbox 1189 5442 1348 5524; x_wconf 85' lang='lat' dir='ltr'>prelatum</span> <span class='ocrx_word' id='word_1_414' title='bbox 1386 5441 1505 5502; x_wconf 90' lang='lat' dir='ltr'>Rmum</span> <span class='ocrx_word' id='word_1_415' title='bbox 1531 5485 1560 5500; x_wconf 93' lang='lat'>..</span> <span class='ocrx_word' id='word_1_416' title='bbox 1586 5438 1685 5500; x_wconf 91' lang='lat' dir='ltr'>dnum</span> <span class='ocrx_word' id='word_1_417' title='bbox 1721 5436 1853 5498; x_wconf 89' lang='lat' dir='ltr'>Petrum</span> <span class='ocrx_word' id='word_1_418' title='bbox 1877 5447 1936 5498; x_wconf 85' lang='lat' dir='ltr'>etc.</span> <span class='ocrx_word' id='word_1_419' title='bbox 1958 5436 1991 5494; x_wconf 93' lang='lat' dir='ltr'>in</span> 
     </span>
     <span class='ocr_line' id='line_1_42' title="bbox 430 5549 1989 5636; baseline -0.011 -18"><span class='ocrx_word' id='word_1_420' title='bbox 430 5555 622 5636; x_wconf 88' lang='lat' dir='ltr'>episcopum</span> <span class='ocrx_word' id='word_1_421' title='bbox 647 5563 680 5616; x_wconf 93' lang='lat' dir='ltr'>et</span> <span class='ocrx_word' id='word_1_422' title='bbox 705 5554 891 5636; x_wconf 88' lang='lat' dir='ltr'>pontificem</span> <span class='ocrx_word' id='word_1_423' title='bbox 918 5574 955 5616; x_wconf 90' lang='lat' dir='ltr'>ac</span> <span class='ocrx_word' id='word_1_424' title='bbox 980 5563 1145 5634; x_wconf 89' lang='lat' dir='ltr'>pastorem</span> <span class='ocrx_word' id='word_1_425' title='bbox 1162 5550 1300 5612; x_wconf 89' lang='lat' dir='ltr'>ecclesie</span> <span class='ocrx_word' id='word_1_426' title='bbox 1317 5549 1457 5612; x_wconf 83' lang='lat' dir='ltr'>I&#39;oznan.</span> <span class='ocrx_word' id='word_1_427' title='bbox 1476 5555 1689 5629; x_wconf 89' lang='lat' dir='ltr'>susceperunt</span> <span class='ocrx_word' id='word_1_428' title='bbox 1705 5555 1739 5606; x_wconf 89' lang='lat' dir='ltr'>et</span> <span class='ocrx_word' id='word_1_429' title='bbox 1755 5551 1965 5626; x_wconf 88' lang='lat' dir='ltr'>receperunt.</span> <span class='ocrx_word' id='word_1_430' title='bbox 1983 5589 1989 5601; x_wconf 93' lang='lat'><strong>.</strong></span> 
     </span>
    </p>
   </div>
   <div class='ocr_carea' id='block_1_12' title="bbox 0 0 2202 6368">
    <p class='ocr_par' dir='ltr' id='par_1_12' title="bbox 0 0 2202 6368">
     <span class='ocr_line' id='line_1_43' title="bbox 0 0 2202 6368; baseline 0 0"><span class='ocrx_word' id='word_1_431' title='bbox 0 0 2202 6368; x_wconf 95' lang='lat' dir='ltr'> </span> 
     </span>
    </p>
   </div>
  </div>
 </body>
</html>
