4458 6356
954 576 1045 626 ANNI
1064 573 1142 630 1435.

1103 668 1269 676 ——-.——-·

483 787 526 852 A.
557 802 648 868 1435,
673 787 870 852 Novembris
899 751 950 863 12,
974 790 1005 852 in
1029 790 1171 870 capitulo
1196 788 1347 870 generali.

381 925 467 994 178.
489 929 526 1010 (l.
556 931 636 1012 161).
672 929 724 993 De
755 931 946 996 differenciis
977 931 1187 1013 spiritualium
1219 942 1251 994 et
1282 931 1471 994 secularium
1497 967 1540 978 -
1564 931 1709 996 Rmus..
1743 933 1827 996 dnus

269 1034 448 1099 Stanislaus
472 1036 562 1116 Epus
585 1037 725 1100 Poznan.
752 1058 790 1099 ac
813 1058 920 1102 vener.
944 1046 977 1101 et
1000 1037 1114 1102 honor.
1139 1039 1197 1101 viri
1214 1038 1268 1100 dni
1282 1087 1310 1102 ..
1338 1039 1479 1119 Jacobus
1496 1039 1535 1101 de
1552 1037 1674 1102 Grandi
1691 1039 1827 1102 vicarius

270 1143 301 1204 in
326 1141 550 1224 Spiritualibus
575 1142 672 1208 Pozn.
697 1165 825 1226 gener,
861 1144 1001 1208 Mathias
1032 1145 1124 1231 Drya
1156 1145 1313 1220 decanus,
1349 1146 1503 1210 Nicolaus
1527 1146 1568 1209 de
1591 1146 1827 1211 Glamboczecz

238 1259 243 1269 ’
271 1249 529 1322 archidiaconus,
564 1250 718 1314 Nicolaus
742 1252 782 1314 de
811 1249 922 1314 Gorlra
954 1253 1177 1325 cancellarius,
1215 1251 1325 1314 Adam
1350 1253 1390 1314 de
1414 1253 1600 1316 Bandcowo
1623 1253 1826 1318 decretorum

270 1356 394 1434 doctor,
414 1354 556 1436 Jaschko
580 1357 721 1420 decanus
746 1356 882 1432 Gnezn.,
906 1359 1060 1422 Nicolaus
1077 1361 1117 1422 de
1134 1358 1363 1441 Nyewyeschs
1380 1369 1501 1437 cantor,
1526 1360 1722 1424 Vincencius
1739 1360 1827 1425 Coth

270 1473 303 1528 et
326 1462 521 1526 Strzeschko
545 1465 707 1546 magistri,
744 1465 899 1529 Nicolaus
930 1465 1130 1542 Lanthman,
1165 1467 1278 1530 Petrus
1308 1466 1490 1548 Nowyecz,
1526 1466 1681 1530 Nicolaus
1712 1467 1827 1531 Czoth·

269 1591 379 1652 czany,
403 1570 529 1634 Hector
548 1571 711 1651 jaroslaus
727 1573 767 1634 de
784 1572 990 1646 Cancolewo,
1014 1573 1147 1635 Luthko
1164 1573 1204 1635 de
1220 1572 1368 1646 Brzesze,
1390 1572 1531 1653 Jacobus
1547 1573 1589 1635 de
1604 1573 1825 1655 Wyganowo,

269 1676 407 1740 Mathias
432 1677 472 1739 de
496 1677 668 1750 Tarnowo
688 1678 853 1758 Johannes
871 1679 1032 1754 Furman,
1056 1679 1210 1748 Nicolaus
1234 1678 1411 1754 Srzemski,
1437 1681 1588 1743 Andreas
1605 1680 1645 1743 de
1661 1680 1826 1742 Tarnowo

270 1795 302 1848 01
325 1783 468 1847 Thomas
492 1784 533 1847 de
548 1783 685 1848 Cosczol
702 1787 815 1866 prelati
837 1797 869 1848 et
886 1788 1074 1850 canonici..
1100 1787 1290 1850 tractatibus
1307 1788 1347 1850 de
1371 1789 1675 1862 convencione,
1701 1809 1827 1870 super

269 1892 557 1967 differenciis,
590 1894 702 1956 inter
733 1895 932 1973 prelatos
964 1894 1221 1975 spirituales
1253 1905 1293 1957 et
1317 1895 1535 1956 seculares
1558 1894 1735 1958 Maioris
1758 1895 1828 1958 Po·

270 1998 382 2060 lonie
413 1999 453 2061 de
477 2010 510 2062 et
533 2020 630 2081 super
654 2001 786 2064 decimis
809 2002 1062 2082 manipularibus
1086 2012 1118 2063 et
1141 2001 1210 2064 aliis
1234 2002 1352 2064 iniuriis
1375 2003 1511 2074 exortis,
1538 2001 1743 2074 celebranda,
1776 2002 1827 2064 de·
1891 1985 1893 1988 ¹

270 2125 368 2187 super
398 2117 510 2168 mutuo
547 2106 724 2187 prehabitis
748 2108 1042 2171 determinaverunt
1065 2109 1257 2171 unanimiter
1280 2107 1507 2171 concluserunt
1530 2107 1666 2171 eandem
1690 2129 1827 2171 conven-

271 2213 397 2274 cionem
421 2213 452 2274 in
476 2212 561 2276 festo
585 2213 616 2276 b.
641 2213 776 2275 Andree
798 2216 940 2294 apostoli
962 2216 1095 2297 gloriosi
1118 2215 1266 2297 proxime
1290 2225 1428 2279 venturo
1453 2234 1525 2278 cum
1539 2213 1746 2289 ,secularibus
1770 2235 1826 2278 seu

273 2319 389 2382 milicia
412 2319 550 2382 diocesis
574 2319 712 2384 Poznan.
737 2321 805 2383 fore
829 2321 1064 2386 celebrandam.

483 2537 525 2614 A,
554 2553 645 2620 1435,
671 2539 866 2604 Novembris
895 2557 949 2620 13,
973 2542 1004 2603 in
1029 2541 1173 2622 capitulo
1197 2541 1352 2623 generali.

381 2695 468 2764 179.
498 2699 533 2778 (l.
562 2699 646 2782 161⁰)
661 2747 689 2764 ..
725 2701 897 2782 Proscripti
921 2701 975 2762 dni
999 2679 1114 2782 prelati
1137 2713 1170 2764 01
1194 2703 1380 2766 canonici..
1411 2700 1623 2764 decreverunt
1646 2711 1679 2764 et
1703 2703 1827 2765 conclu-

270 2815 381 2867 serunt
407 2806 604 2876 unanimiter,
630 2807 717 2888 quod
742 2828 850 2870 vener.
876 2827 956 2888 mgr.
980 2806 1151 2872 Strzeszko
1176 2829 1290 2870 canon.
1308 2808 1446 2871 Poznan.
1472 2809 1504 2870 in
1528 2806 1618 2870 foro
1641 2809 1826 2871 seculari

271 2931 381 2973 coram
405 2912 561 2974 iudicibus
585 2913 781 2976 secularibus
806 2935 902 2996 super
924 2917 1068 2996 pecuniis
1099 2915 1278 3004 acdebitis
1301 2915 1488 2978 testamenti
1513 2915 1567 2977 dni
1590 2913 1712 2978 Mathie
1736 2914 1827 2979 Chla·

271 3018 398 3100 powski
421 3021 567 3081 canonici
591 3019 668 3082 olim
694 3022 830 3082 Poznan.
856 3041 921 3083 non
943 3023 1171 3102 respondebit,
1196 3022 1424 3093 decernentes,
1449 3021 1536 3103 quod
1561 3023 1587 3084 si
1610 3021 1717 3104 alique
1740 3023 1826 3084 dam-

271 3147 336 3206 pna
359 3125 403 3188 ob
421 3147 487 3188 non
510 3129 756 3208 responsionem
780 3127 962 3191 huiusmodi
986 3140 1169 3211 sequentur,
1194 3149 1259 3190 non
1284 3130 1382 3210 ipsius
1406 3129 1489 3210 mgri
1513 3127 1743 3202 Strzeszlronis,
1768 3129 1825 3192 sed

272 3233 475 3296 dominorum
507 3234 547 3297 de
582 3235 725 3315 capitulo
761 3236 978 3300 censebuntur
1012 3247 1147 3318 propter
1182 3256 1247 3298 non
1282 3236 1528 3317 responsionem
1564 3246 1597 3299 01
1630 3237 1826 3316 paricionem

272 3339 463 3410 huiusmodi,

484 3534 526 3597 A.
556 3548 647 3614 1435,
670 3534 867 3597 Novembris
895 3535 977 3616 17,1)
1001 3535 1032 3597 in
1057 3535 1198 3616 capitulo
1222 3534 1374 3617 generali.

382 3672 467 3741 180.
497 3675 530 3758 (l.
560 3675 640 3756 162).
676 3676 758 3738 Item
790 3676 909 3739 ibidem
941 3679 1110 3740 memorati
1142 3678 1195 3738 dni
1227 3677 1341 3758 prelati
1372 3687 1404 3739 et
1436 3677 1581 3738 canonici
1611 3675 1726 3738 honor.
1757 3677 1827 3738 viro

272 3784 336 3846 dno
353 3783 520 3846 Luthkoni
537 3783 577 3845 de
595 3784 859 3846 Β1103100011011.
876 3785 1015 3847 Poznan.
1033 3785 1198 3848 licenciam
1215 3785 1246 3845 iu
1263 3784 1371 3865 aliquo
1388 3783 1519 3846 studio
1537 3785 1714 3864 generali
1730 3805 1827 3846 causa

271 3890 367 3954 studii
390 3890 496 3954 standi
520 3891 739 3952 omnimodam
764 3902 996 3955 concesserunt
1020 3903 1052 3956 01
1076 3892 1116 3954 de
1134 3891 1234 3972 duplo
1252 3892 1380 3953 racione
1398 3890 1494 3954 studii
1510 3889 1693 3953 huiusmodi
1717 3890 1825 3953 dando

271 3997 374 4061 eidem
398 4017 434 4061 se
457 3996 608 4060 dixerunt
631 4017 857 4078 responsuros.

483 4207 526 4270 A.
556 4222 648 4288 1435,
673 4208 869 4273 Novembris
894 4228 944 4289 29,
969 4212 1000 4272 in
1025 4209 1178 4291 capitulo.

382 4344 467 4413 181.
500 4347 535 4430 (l.
566 4351 680 4430 164)..
706 4351 826 4414 Vener.
850 4363 881 4415 et
905 4352 1019 4415 honor.
1042 4352 1096 4415 dni
1120 4352 1159 4416 N.
1184 4353 1224 4414 de
1245 4350 1493 4425 Glamboczecz,
1517 4351 1769 4426 archidiaconus,
1793 4364 1826 4415 et

272 4455 397 4518 Hector
421 4475 535 4517 canon.
566 4466 732 4538 tamquam
756 4459 867 4520 sindici
892 4469 925 4522 et
949 4469 1177 4538 procuratores
1202 4461 1339 4521 duorum
1365 4460 1405 4522 de
1427 4459 1570 4540 capitulo
1594 4460 1769 4523 sindicatus
1793 4470 1827 4522 et

271 4563 494 4643 procuratorio
518 4564 649 4625 nomine
673 4565 816 4627 omnium
841 4576 874 4628 et
898 4565 1098 4646 singulorum
1122 4567 1259 4629 duorum
1277 4567 1421 4630 eiusdem
1445 4565 1577 4646 capituli
1593 4565 1706 4629 honor.
1724 4567 1826 4630 virum

271 4669 369 4732 dnum
392 4668 567 4731 Albertum
591 4669 631 4731 de
651 4670 858 4750 Jaroschewo
882 4671 1142 4735 archidiaconum
1166 4673 1389 4736 Pczewensem
1406 4674 1447 4736 ab
1465 4693 1563 4736 onere
1587 4675 1826 4754 procuracionis

271 4797 343 4852 sue,
368 4777 456 4858 quod
480 4797 540 4858 pro
564 4777 765 4840 defendenda
789 4780 965 4860 equacione
989 4790 1021 4843 01
1045 4780 1113 4842 01113
1138 4781 1281 4862 negociis
1305 4778 1436 4861 capituli
1452 4791 1485 4843 et
1501 4782 1621 4854 causis,
1646 4802 1725 4862 quas
1742 4782 1825 4844 dnus

270 4885 362 4965 Epus
386 4904 446 4963 pro
469 4887 564 4947 certis
589 4889 795 4965 pecuniarum
827 4890 960 4951 summis
983 4889 1214 4963 intentaverat,
1249 4897 1484 4968 assumpserat,
1519 4899 1754 4951 revocaverunt
1787 4888 1827 4952 de

270 5011 430 5054 consensu
455 5001 488 5054 et
512 4991 679 5054 voluntate
704 4993 840 5056 dnorum
865 5005 941 5058 tunc
966 4995 1491 5076 capitularitercongregatorum,
1516 4993 1698 5057 auferentes
1721 4995 1762 5058 ab
1787 5017 1826 5057 eo

270 5117 402 5160 omnem
426 5097 610 5160 facultatem
632 5099 693 5161 sibi
716 5098 794 5162 alias
810 5101 851 5162 ad
875 5102 1037 5182 agendum
1054 5121 1259 5178 concessam;
1284 5111 1375 5164 actus
1391 5111 1500 5164 tamen
1518 5121 1576 5180 per
1593 5103 1697 5181 ipsum
1722 5103 1826 5166 iactos

271 5205 302 5266 in
336 5203 552 5269 Sacrosancto
586 5207 815 5269 Basiliensi
849 5209 1041 5270 concilio
1076 5220 1109 5272 et
1143 5207 1223 5270 alias
1255 5229 1363 5270 coram
1396 5208 1641 5290 quibuscunque
1670 5209 1827 5272 iudicibus

271 5311 374 5374 factos
398 5321 431 5374 01
455 5323 665 5376 conservatos
689 5313 898 5388 ratificantes,
925 5335 1006 5394 quos
1030 5317 1062 5377 in
1086 5336 1145 5379 suo
1169 5315 1287 5378 robore
1310 5315 1424 5378 volunt
1448 5334 1646 5396 permanere.

273 5489 584 5498 m———n—

385 5607 402 5677 ¹)
422 5611 491 5660 Data
510 5629 531 5660 w
552 5612 682 5678 oryginale
701 5613 791 5664 hami:
816 5613 881 5662 »Die
900 5613 968 5663 lovis
988 5613 1054 5662 XIV
1075 5613 1167 5663 mensis
1186 5614 1366 5664 Novembris.c
