4416 6366
472 561 533 624 166
952 559 1047 610 ACTA
1066 560 1229 612 castrum
1247 559 1503 610 POZNANIENSIS

470 653 515 660 ..ι--
522 653 621 658 ---...-
643 652 714 658 1-—
725 652 761 656 .—

462 773 678 834 archidiaconi
712 774 927 834 iuramentum
963 773 1132 854 corporale
1168 772 1208 835 de
1243 771 1457 836 observandis
1499 772 1630 838 statutis
1664 781 1696 836 91
1731 771 2021 836 consuetudinibus

463 881 548 944 dicte
573 880 710 944 ecclesie
746 879 885 944 Poznan.
910 890 944 942 et
967 880 1047 942 alias
1081 881 1172 942 iuxta
1208 881 1446 942 continenciam
1481 881 1595 942 statuti
1633 878 1838 960 provincialis
1870 880 1903 944 in
1927 879 2021 942 titulo

468 988 537 1049 »De
561 986 782 1050 iureiurando«
822 987 983 1060 contenti,
1019 987 1107 1068 quod
1131 987 1243 1068 incipit
1283 986 1495 1054 »Audivimus
1518 997 1552 1048 et
1575 987 1727 1051 miramur
1751 999 1830 1048 etc«
1866 988 2020 1060 contenti,

464 1107 497 1158 et
521 1095 601 1158 alias
625 1096 655 1156 in
681 1093 785 1159 forma
808 1094 838 1154 in
863 1095 993 1156 statutis
1017 1094 1093 1158 dicti
1117 1094 1250 1174 capituli
1273 1093 1412 1156 Poznan.
1436 1093 1600 1176 descripta
1623 1093 1836 1178 corporaliter
1860 1103 1893 1154 et
1916 1104 2018 1156 orete-

463 1223 523 1266 nus
547 1203 686 1286 prestitit
710 1211 798 1264 tacta
822 1213 935 1268 sancta
959 1201 1062 1264 Cruce
1086 1222 1143 1280 seu
1169 1201 1341 1284 pectorali,
1366 1201 1454 1284 quod
1478 1201 1509 1262 in
1535 1211 1668 1282 pectore
1691 1221 1751 1264 suo
1776 1200 1897 1264 ibidem
1913 1209 2018 1281 gesta·

462 1311 521 1388 vit;
545 1309 750 1392 presentibus
784 1309 902 1372 ibidem
940 1307 1072 1388 prefatis
1107 1308 1178 1372 dnis
1204 1308 1337 1390 prelatis
1361 1318 1394 1370 et
1418 1309 1582 1370 canonicis
1608 1307 1747 1372 ecclesie
1771 1306 1910 1372 Poznan.
1934 1309 2020 1387 capi-

462 1416 608 1478 tulariter
649 1416 873 1498 congregatis,
916 1427 949 1477 et
985 1435 1036 1476 me
1073 1414 1223 1478 Arnoldo
1266 1414 1391 1476 Nicolai
1427 1415 1468 1477 de
1503 1413 1640 1477 Cuchari
1683 1425 1744 1478 etc.
1781 1415 1907 1478 notario
1944 1414 2019 1476 facti

463 1521 655 1585 huiusmodi.

679 1742 721 1806 A.
751 1761 848 1822 1499,
873 1743 1009 1808 Ianuarii
1035 1745 1093 1817 26,
1117 1744 1148 1806 in
1173 1745 1326 1824 capitulo.

571 1881 657 1948 898.
681 1885 736 1964 (V.
766 1885 844 1964 170).
880 1884 1063 1966 Deputacio
1086 1885 1127 1950 ad
1151 1885 1301 1948 sinodum
1339 1885 1572 1964 provincialem
1607 1884 1757 1948 Lancicie
1792 1883 2019 1948 celebrandam

462 1991 918 2056 facta.-lbidemdictidni
941 1993 982 2054 ad
1006 1993 1199 2056 sinodum
1225 1993 1537 2072 provincialem
1562 1991 1763 2055 Lancicie
1788 1992 1935 2072 proxime
1959 2010 2018 2071 pro

464 2097 615 2160 Dominia
638 2099 803 2164 Invocavit
827 2099 1053 2162 celebrandam
1077 2099 1315 2182 deputaverunt
1339 2099 1423 2162 dnos
1446 2099 1623 2162 Iohannem
1648 2097 1838 2178 Lulcowsky
1862 2098 2019 2162 decanum

464 2216 498 2268 et
521 2205 692 2270 Nicolaum
717 2205 882 2270 Cothwicz
906 2205 1166 2270 archidiaconum
1184 2206 1323 2270 Poznan.
1340 2227 1383 2272 ex
1407 2217 1499 2286 parte
1522 2205 1654 2286 capituli
1678 2207 1727 2268 sui
1751 2204 1887 2268 Poznan.
1909 2205 2017 2275 ituros,

463 2313 579 2394 quibus
613 2314 859 2395 assignaverunt
891 2333 949 2393 per
972 2333 1032 2376 sex
1066 2326 1191 2376 marcas
1227 2333 1286 2394 pro
1309 2313 1476 2394 expensis
1513 2313 1637 2376 dandas
1660 2321 1694 2376 et
1716 2311 1932 2376 decreverunt
1956 2329 2015 2392 pro

463 2419 668 2498 presentibus
691 2419 870 2484 habendos.

678 2639 721 2702 A.
751 2657 851 2718 1499,
876 2639 1040 2703 Februarii
1064 2660 1101 2720 9,
1126 2642 1157 2703 in
1183 2641 1335 2720 capitulo

570 2777 656 2846 899.
685 2783 735 2862 (V.
765 2783 847 2861 171).
884 2781 1087 2845 Constitucio
1120 2794 1366 2864 procuratorum
1399 2781 1441 2844 ad
1477 2781 1674 2844 sinodum
1705 2779 2017 2862 provincialem

463 2888 612 2967 proxime
635 2887 785 2949 Lancicie
821 2889 1057 2951 celebrandam.
1082 2926 1122 2934 -
1149 2890 1273 2954 Ibidem
1308 2891 1363 2952 dni
1398 2891 1636 2951 constituerunt
1670 2888 1753 2950 dnos
1777 2887 1955 2952 Iohannem
1978 2887 2018 2948 de

463 2993 602 3056 Lukovo
626 2995 783 3056 decanum
800 3007 832 3056 et
849 2995 1018 3058 Nicolaum
1044 2997 1199 3060 Cothvicz
1223 2997 1482 3060 archidiaconum
1500 2997 1638 3059 Poznan.
1652 2997 1682 3058 in
1697 3007 1925 3078 procuratores
1942 3015 2018 3057 suos

461 3121 535 3162 curn
559 3111 724 3182 potestate
748 3101 857 3178 solita;
891 3103 1097 3182 presentibus
1123 3104 1237 3168 honor.
1262 3115 1295 3167 et
1319 3105 1418 3166 nobili
1442 3104 1516 3166 dnis
1543 3101 1638 3166 Petro
1662 3102 1703 3165 de
1727 3101 1875 3184 Goslyna
1900 3103 2017 3165 vicario

463 3219 496 3270 et
519 3207 726 3270 vicecustode
751 3207 887 3270 ecclesie
911 3208 1048 3272 Poznan.
1072 3221 1105 3274 et
1129 3211 1271 3273 Iohanne
1295 3211 1472 3291 lablonslcy
1496 3212 1658 3292 armigero
1682 3209 1772 3274 Crac.
1796 3209 1945 3272 diocesis.

678 3445 720 3508 A.
751 3463 848 3525 1499,
873 3445 940 3508 lulii
963 3465 996 3525 4,
1022 3448 1053 3510 in
1077 3448 1220 3528 capitulo
1245 3449 1395 3530 generali.

569 3583 656 3652 900.
682 3589 735 3670 (V.
764 3589 859 3669 176⁰).
885 3589 1007 3651 Ibidem
1031 3591 1096 3652 dno
1120 3589 1255 3654 Iohanni
1280 3591 1403 3672 Lasky,
1429 3592 1555 3672 regenti
1571 3590 1680 3652 villam
1704 3589 1906 3670 Byenkowo,
1923 3589 2018 3652 comi-

463 3706 575 3757 serunt
599 3695 757 3758 delalcare
782 3717 856 3758 suas
881 3699 1023 3780 quinque
1058 3718 1181 3760 marcas
1206 3709 1239 3760 et
1264 3697 1357 3760 XVll
1384 3719 1429 3780 gr.
1455 3700 1486 3759 in
1510 3697 1664 3760 censibus
1695 3696 1808 3762 futuris
1832 3717 1891 3777 per
1914 3699 2017 3776 ipsum

463 3803 533 3864 dnis
558 3824 618 3886 pro
642 3805 763 3866 eisdem
801 3805 1009 3868 kmetonibus
1045 3805 1167 3868 solutas
1204 3826 1264 3886 pro
1290 3807 1441 3868 censibus
1478 3805 1567 3868 tercii
1590 3805 1679 3878 anni,
1717 3815 1750 3868 et
1772 3805 1835 3867 hoc
1859 3815 2018 3888 quatenus

462 3931 526 3972 non
551 3911 720 3992 repecierit
744 3912 875 3974 easdem
901 3914 1044 3994 quinque
1068 3933 1192 3975 marcas
1215 3913 1267 3976 vel
1292 3925 1452 3994 quantum
1478 3913 1613 3974 deluerit
1638 3933 1656 3973 a
1682 3911 1842 3974 nobilibus
1866 3913 2017 3994 spoliato-

460 4018 548 4080 ribus
572 4019 729 4081 dictorum
756 4020 947 4084 kmetonum
972 4028 1049 4080 tunc
1073 4019 1114 4081 ad
1138 4021 1471 4100 expedicionem
1496 4018 1696 4082 bellicam
1721 4019 1880 4082 euntibus.

675 4257 716 4318 A.
747 4274 846 4336 1499,
871 4256 938 4317 lulii
965 4273 1023 4330 20,
1048 4257 1079 4318 in
1103 4257 1253 4340 capitulo.

568 4393 653 4462 991.
677 4398 729 4480 (V.
761 4399 883 4479 178⁰)..
909 4398 945 4462 In
970 4399 1069 4462 domo
1094 4421 1200 4463 vener.
1226 4401 1280 4463 dni
1305 4401 1429 4463 Nicolai
1447 4401 1486 4463 de
1503 4399 1622 4464 Seudla
1645 4401 1851 4464 decretorum
1874 4401 2017 4464 doctoris

460 4503 674 4566 archidiaconi
711 4505 908 4568 Srzemensis
932 4507 962 4567 in
988 4507 1125 4570 ecclesia
1149 4508 1288 4571 Poznan.
1314 4510 1487 4589 vicariique
1512 4509 1542 4570 in
1567 4507 1793 4588 Spin'tualibus
1817 4517 1851 4571 et
1875 4508 2017 4574 officialis

461 4610 598 4674 Poznan.
634 4612 795 4692 generalis
830 4613 914 4676 circa
938 4615 1109 4676 ecclesiam
1143 4613 1281 4680 Poznan.
1314 4617 1374 4678 sita
1398 4635 1505 4680 vener.
1530 4615 1585 4678 dui
1610 4613 1772 4678 Iohannes
1805 4615 1846 4680 de
1871 4615 2017 4680 Lukowo

460 4719 602 4782 decanus
638 4718 782 4782 officialis
818 4721 977 4800 prefatus,
1015 4721 1169 4784 Nicolaus
1206 4721 1349 4804 Czeppel
1385 4722 1590 4786 decretorum
1625 4723 1743 4786 doctor
1776 4721 2017 4788 archidiaconus

460 4824 660 4890 Pczeivensis
685 4829 717 4888 in
741 4827 877 4889 ecclesia
912 4827 1070 4898 Poznan.,
1106 4828 1263 4890 Martinus
1292 4830 1332 4892 de
1358 4829 1570 4902 Dambrowa,
1604 4830 1757 4894 Andreas
1780 4829 2008 4912 Czyessyelslci

459 4931 652 4999 Laurentius
676 4943 710 4996 et
733 4934 872 4997 Mathias
906 4933 1137 5016 Grodzyczscy
1160 4937 1317 4998 medicine
1341 4937 1509 5010 doctores,
1543 4935 1730 5017 Stephanus
1753 4937 1954 5020 Ryssynsky
1976 4947 2009 5002 et

460 5038 615 5103 Albertus
639 5039 871 5124 Pakoslawsky
903 5042 1121 5123 capitulariter
1155 5046 1345 5124 congregati
1376 5043 1651 5106 interdictum
1675 5054 1810 5125 propter
1833 5045 2008 5112 occisio-

459 5168 546 5208 nem
570 5147 684 5211 honor.
710 5149 786 5209 olim
810 5148 895 5210 Petri
918 5149 957 5211 de
982 5149 1181 5212 Dambrowa
1203 5151 1348 5213 altariste
1373 5152 1509 5213 ecclesie
1533 5151 1704 5232 collegiate
1728 5151 1760 5214 b.
1784 5151 1930 5233 Virginis
1952 5151 2017 5213 Ma·

457 5256 503 5316 rie
525 5256 556 5315 in
581 5275 709 5317 summo
734 5256 871 5318 Poznan.
897 5257 1002 5318 clerici
1026 5257 1153 5320 accoliti
1178 5279 1236 5339 per
1260 5257 1423 5339 quendam
1448 5237 1626 5320 Iohannem
1653 5257 1899 5341 Dambrowsky
1924 5259 2017 5340 pilea·

459 5369 564 5422 torem
588 5363 628 5424 de
651 5365 756 5424 arenis
788 5373 864 5424 ante
886 5362 1080 5425 Poznaniam
1105 5386 1177 5426 cum
1202 5366 1364 5428 nonnullis
1398 5369 1463 5428 suis
1488 5368 1518 5427 in
1542 5365 1602 5427 hac
1627 5375 1720 5446 parte
1743 5367 1956 5448 complicibus
1978 5367 2017 5429 de

459 5469 511 5530 die
534 5467 691 5532 Sabbathi
725 5469 798 5532 festi
833 5491 857 5532 s.
884 5469 1091 5552 Margarethe
1120 5473 1150 5533 in
1175 5473 1260 5534 diem
1297 5473 1491 5535 dominicam
1529 5475 1588 5536 sub
1623 5473 1703 5535 hora
1725 5473 1792 5536 Vta
1817 5475 1849 5535 in
1873 5473 2018 5556 Chwaly·

459 5575 591 5640 schewo
625 5585 787 5660 patratam
823 5577 922 5641 latum
946 5579 978 5640 in
1003 5577 1147 5641 savorem
1183 5579 1367 5661 nuptiarum
1400 5581 1601 5662 sponsalium
1638 5579 1750 5666 Canya
1782 5601 1855 5644 cum
1880 5581 1942 5646 filia
1964 5581 2018 5645 dni
