4390 6368
429 578 487 642 188
928 573 1025 628 Ac‘rn
1043 573 1207 624 carnum
1226 571 1482 624 Poztrmuansts

510 671 579 678 --—--
922 667 1046 674 —.——--
1053 664 1463 675 --—-——---——--——-.--

531 787 618 856 989.
646 789 730 871 (VII.
758 787 809 870 5⁰).
843 788 926 851 Item
962 787 1200 869 deputaverunt
1235 805 1343 850 vener.
1379 786 1462 849 dnos
1498 785 1674 858 decanum,
1709 781 1982 858 archidiaconum,

425 899 634 964 Laurentium
658 895 864 958 Grodziczski
889 903 921 956 et
945 894 1114 958 doctorem
1131 892 1333 957 Clementem
1357 893 1398 956 de
1422 893 1600 974 Pyotrkow
1624 893 1806 967 canonicos,
1823 891 1982 954 adiunctis

423 1009 469 1071 eis
493 1008 559 1070 dno
583 1006 727 1069 Iohanne
752 1004 793 1066 de
815 1001 1010 1083 Grodzyslro
1048 1001 1245 1064 vicedecano
1272 1013 1305 1064 et
1329 1003 1451 1084 aliquot
1475 1001 1602 1064 vicariis
1624 999 1803 1062 senioribus
1827 997 1868 1060 ad
1892 999 1983 1059 corri-

423 1117 565 1200 gendum
588 1124 621 1176 et
644 1110 887 1176 instaurandum
912 1110 953 1171 de
978 1129 1064 1172 novo
1094 1131 1108 1170 τ
1123 1109 1405 1172 ubricellam
1429 1109 1570 1172 Poznan.
1587 1109 1617 1170 in
1643 1106 1821 1170 defectibus
1845 1115 1878 1168 et
1901 1125 1983 1167 erro·

423 1225 510 1288 ribus
534 1224 599 1284 suis
623 1219 893 1299 emendatumque
918 1219 949 1278 in
974 1218 1045 1298 ipsa
1069 1216 1208 1278 ecclesia
1231 1227 1264 1278 et
1289 1215 1413 1280 diocesi
1438 1217 1580 1280 Poznan.
1605 1215 1635 1276 in
1661 1225 1854 1296 perpetuum
1876 1212 1982 1276 totali-

423 1341 474 1394 ter
496 1329 671 1394 tenendam
695 1338 728 1391 et
751 1325 989 1390 observandam
1015 1344 1074 1405 per
1097 1323 1217 1386 clerum
1241 1321 1455 1386 decreverunt
1477 1343 1518 1385 ac
1542 1323 1758 1386 instituerunt.

638 1537 681 1600 A.
711 1549 815 1616 1505,
838 1533 983 1616 Augusti
1007 1537 1043 1608 8,
1067 1535 1098 1596 in
1123 1533 1266 1616 capitulo
1295 1536 1448 1616 generali¹

531 1675 617 1744 999.
643 1677 724 1760 (VII.
750 1676 789 1758 6).
812 1676 895 1738 Item
920 1675 994 1758 [dni]
1021 1675 1259 1758 deputaverunt
1284 1676 1383 1738 dnum
1408 1677 1617 1740 Laurentium
1642 1673 1833 1738 Grodaiczki
1856 1674 1982 1736 canoni·

424 1810 498 1852 cum
521 1789 638 1851 iturum
662 1784 856 1848 Poznaniam
881 1783 921 1844 ad
945 1782 1175 1846 conferendum
1199 1795 1232 1846 et
1256 1784 1516 1847 concludendum
1540 1803 1612 1846 cum
1630 1784 1729 1846 certis
1748 1781 1981 1846 mercatoribus

425 1915 522 1977 super
546 1893 674 1956 cambio
708 1890 856 1954 faciendo
880 1890 921 1952 ad
946 1891 1141 1970 portandum
1176 1893 1329 1972 pecunias
1365 1891 1533 1954 iubilei
1568 1891 1599 1952 in
1627 1891 1719 1954 terris
1743 1901 1776 1952 et
1799 1887 1982 1951 diocesibus

426 2003 544 2064 Russie
569 2001 650 2064 tenti
675 2019 735 2080 pro
767 1997 904 2060 ecclesia
928 1996 1065 2059 Poznan.
1089 1997 1243 2062 collectas
1266 1995 1465 2084 {Cracoviam
1490 2017 1603 2061 versus
1629 1997 1680 2062 vel
1696 1997 1891 2059 Poznaniam
1907 1994 1982 2056 olie-

424 2109 624 2189 rendumque
649 2125 786 2188 percos
810 2113 843 2167 et
867 2104 907 2167 de
931 2105 1009 2186 ipsis
1033 2105 1178 2186 pecuniis
1202 2105 1347 2170 totaliter
1371 2105 1648 2187 respondendum.

640 2317 684 2380 A.
714 2331 809 2398 1505,
834 2315 978 2398 Augusti
1008 2333 1056 2390 11,
1082 2317 1113 2378 in
1137 2317 1279 2399 capitulo
1304 2317 1458 2400 generali.

533 2455 620 2524 991.
646 2457 728 2540 (VII.
754 2459 795 2536 6).
819 2457 900 2520 Item
926 2455 1003 2542 [dni]
1029 2457 1256 2532 decreverunt,
1282 2459 1371 2540 quod
1394 2459 1455 2521 hac
1479 2459 1549 2522 vice
1565 2457 1792 2521 tantummodo
1808 2476 1874 2518 uno
1891 2476 1982 2518 curru

425 2569 576 2632 adiuvent
599 2565 707 2629 vicarii
732 2563 927 2627 kmethones
952 2565 984 2626 in
1008 2564 1163 2628 Cosehuti
1188 2566 1368 2628 conducere
1392 2565 1433 2628 de
1458 2567 1602 2646 ipsorum
1627 2566 1749 2628 mansis
1772 2563 1983 2626 lunethonali-

424 2677 485 2738 bus
509 2673 650 2736 decimas
685 2694 759 2736 suas
783 2671 824 2734 ad
849 2674 1100 2736 universitatem
1133 2692 1244 2736 eorum
1279 2683 1466 2754 spectantes
1501 2683 1535 2734 et
1570 2674 1749 2755 percipient
1784 2671 1825 2734 ab
1862 2671 1983 2734 eisdem

424 2781 656 2844 kmethonibus
678 2779 827 2842 omnibus
851 2791 884 2842 et
907 2780 1049 2860 siugulis
1085 2779 1255 2842 linalia
1279 2780 1340 2841 alia
1364 2780 1492 2860 limane,
1529 2781 1570 2843 ad
1594 2779 1682 2862 quod
1707 2779 1824 2842 nobilis
1846 2778 1983 2841 Iacobus

425 2891 520 2952 heres
542 2889 574 2949 in
599 2885 756 2950 Coschuti
781 2886 899 2948 ibidem
923 2907 1032 2950 coram
1057 2887 1128 2950 dnis
1154 2907 1211 2968 per
1240 2907 1434 2970 expressum
1458 2888 1636 2958 consensit,
1661 2887 1749 2968 quod
1764 2888 1913 2948 iuvamen
1929 2885 1983 2964 dni

426 2995 533 3058 vicarii
557 2993 720 3074 compassi
756 2993 880 3055 damnis
916 2995 1060 3075 ipsorum
1094 2993 1261 3056 hominum
1293 3015 1335 3056 ex
1359 2995 1568 3057 inundatione
1605 2995 1767 3076 ymbrium
1804 2993 1982 3068 nimiorum,

430 3102 548 3183 quibus
574 3099 727 3182 manipuli
745 3099 979 3162 mandellorum
1005 3120 1070 3162 non
1095 3101 1303 3164 mediocriter
1319 3122 1337 3163 a
1353 3111 1438 3164 terra
1461 3103 1603 3164 immersi
1627 3104 1743 3173 iacent,
1761 3099 1983 3163 evenientibus

426 3209 489 3271 hoc
512 3228 599 3271 anno
622 3217 747 3271 tantum
772 3217 804 3270 et
827 3228 893 3270 non
917 3208 1000 3270 ultra
1024 3229 1059 3270 se
1084 3207 1190 3270 iacere
1215 3211 1391 3290 protestati
1415 3219 1489 3272 sunt
1514 3229 1572 3290 per
1596 3209 1679 3272 dnos
1697 3207 1876 3270 Iohannem
1900 3209 1984 3270 vice-

426 3315 599 3388 decanum,
625 3315 781 3378 Mathiam
805 3314 845 3376 de
869 3315 1118 3395 Wyrzboczicze
1142 3327 1386 3395 precentorem,
1412 3315 1540 3380 Petrum
1565 3317 1604 3379 de
1621 3314 1777 3398 Gyszicze
1794 3325 1826 3378 et
1844 3315 1983 3377 Blasium

426 3423 466 3485 de
490 3421 613 3486 Srzoda
635 3423 772 3485 vicarios
796 3422 977 3485 confratres
1001 3441 1113 3484 eorum
1137 3422 1240 3484 verbo
1274 3425 1380 3505 ipsam
1405 3424 1677 3505 protestationem
1701 3442 1811 3485 coram
1835 3423 1906 3484 dnis
1930 3443 1985 3484 ex·

425 3532 602 3612 primeutes
626 3540 659 3592 et
682 3539 833 3611 petentes
858 3551 876 3590 a
901 3549 953 3591 me
978 3531 1106 3592 notario
1130 3529 1193 3592 sibi
1217 3529 1357 3612 desuper
1381 3532 1564 3594 necessaria
1587 3529 1702 3594 confici
1726 3529 1855 3612 publica
1872 3530 1985 3592 instru-

426 3647 537 3700 menta
560 3638 591 3699 in
615 3637 718 3700 forma
743 3636 875 3698 meliori.

639 3847 683 3910 A.
713 3861 811 3928 1505,
835 3846 978 3928 Augusti
1008 3864 1061 3926 14,
1084 3849 1115 3910 in
1140 3848 1282 3930 capitulo
1307 3849 1458 3930 generali.

534 3985 624 4054 992.
649 3989 734 4070 (VII.
761 3990 800 4068 7).
833 3988 915 4051 Item
940 3989 1143 4053 donaverunt
1173 4010 1281 4052 vener.
1307 3989 1372 4052 dno
1398 3989 1538 4054 Alberto
1562 3989 1696 4072 Gorsky
1721 3991 1913 4054 cancellario
1936 4011 1983 4053 ec-

425 4098 522 4160 clesie
547 4097 686 4160 Poznan.
711 4107 744 4159 et
769 4097 807 4158 R.
832 4096 910 4158 Mtis
947 4099 1120 4160 secretario
1144 4097 1221 4160 VIII
1246 4117 1371 4159 marcas
1407 4098 1437 4159 in
1469 4099 1626 4178 pensione
1661 4118 1720 4180 per
1743 4119 1817 4160 eum
1841 4099 1984 4180 capitulo

426 4205 536 4267 debita
556 4213 590 4266 et
613 4213 741 4266 retenta
764 4203 972 4265 defalcandas
1008 4215 1144 4284 propter
1168 4205 1412 4286 expeditionem
1449 4206 1626 4268 litterarum
1652 4207 1809 4290 regalium
1834 4205 1875 4268 ad
1899 4207 1983 4286 capi·

425 4321 539 4374 taneos
563 4311 694 4372 Maioris
730 4311 864 4372 Polonie
900 4313 1154 4373 necessariarum
1190 4312 1346 4394 capitu10,
1379 4333 1459 4393 quas
1483 4313 1603 4376 ibidem
1629 4313 1770 4395 capitulo
1794 4313 1927 4376 donavit
1950 4323 1984 4374 et

427 4419 581 4501 reposuit,
606 4439 734 4481 necnon
757 4417 1003 4482 confirmatione
1028 4419 1269 4501 priVilegiorum
1293 4419 1433 4501 capituli,
1458 4441 1554 4502 quam
1579 4422 1676 4484 etiam
1701 4421 1761 4484 sub
1785 4421 1891 4502 sigillo
1907 4420 1984 4482 Mtis

426 4528 458 4588 iu
482 4545 687 4610 pergameno
712 4527 866 4608 scriptam
890 4526 991 4607 gratis
1014 4526 1114 4589 dedit.

530 4663 617 4732 993.
653 4667 767 4748 (Ibid.).
802 4667 885 4730 Item
923 4669 1141 4732 decreverunt
1175 4677 1207 4732 et
1238 4680 1474 4734 consenserunt
1506 4670 1583 4733 dare
1617 4680 1650 4733 et
1685 4668 1812 4732 solvere
1836 4669 1894 4732 LIl
1918 4670 1984 4734 flor.

426 4773 573 4857 Hungar.
606 4774 681 4837 Rdo
717 4775 783 4837 dno
819 4775 953 4837 Iohanni
989 4775 1118 4856 Lasslry
1149 4775 1188 4838 R.
1216 4776 1248 4838 P.
1273 4777 1465 4839 cancellario
1498 4797 1558 4857 pro
1593 4776 1763 4858 privilegio
1800 4777 1984 4840 donationis

427 4881 502 4944 iuris
525 4892 719 4964 patronatus
755 4883 891 4946 ecclesie
927 4882 1120 4964 parochialis
1153 4884 1184 4944 in
1215 4884 1425 4946 Msczonowo
1457 4905 1516 4965 per
1539 4884 1579 4947 R.
1607 4884 1710 4946 Mtem
1735 4883 1878 4964 capitulo
1902 4883 1984 4946 lacte

425 4989 466 5050 de
492 4989 635 5070 pecuniIs
658 4990 841 5072 cappalium
866 5011 925 5072 per
947 4990 1047 5053 dnum
1071 4989 1245 5052 Martinum
1269 4991 1502 5054 thezaurarium
1526 4990 1660 5054 ecclesie
1683 4990 1826 5072 capitulo
1843 5001 1985 5054 mutuan-

425 5096 474 5159 dis
497 5096 549 5160 vel
572 5095 613 5158 ad
638 5096 669 5159 id
693 5097 953 5160 Resurrectionis
976 5097 1137 5160 dominice
1160 5099 1347 5180 ymaginem
1371 5109 1561 5180 argenteam
1586 5097 1823 5161 invadiandum.

533 5235 620 5304 994.
646 5237 756 5321 (ibid).
790 5239 873 5302 Item
897 5239 1138 5322 deputaverunt
1170 5239 1269 5302 dnum
1293 5239 1503 5303 Laurentium
1539 5239 1759 5324 Grodziczsky
1794 5240 1983 5302 canonicum

425 5345 543 5408 iturum
566 5346 762 5409 Poznaniam
786 5346 827 5408 ad
851 5347 1079 5410 invadiandum
1105 5348 1135 5408 in
1160 5357 1247 5410 certa
1271 5367 1398 5410 summa
1433 5349 1568 5430 pecunie
1600 5349 1788 5430 ymaginem
1813 5348 1983 5410 Resurrec-

425 5453 523 5517 tionis
547 5453 708 5516 dominice
744 5463 936 5535 argenteam
960 5455 1048 5536 apud
1071 5455 1211 5540 aliquem
1235 5456 1338 5516 civem
1362 5455 1415 5518 vel
1438 5465 1653 5518 mercatorem
1687 5457 1826 5519 Poznan.
1851 5473 1984 5538 prone

426 5561 584 5624 cessitate
609 5561 829 5642 suprascripta
852 5561 992 5644 capituli.
