4458 6356
921 574 1016 624 ACTA
1035 575 1198 625 CAPITULI
1216 575 1472 625 POZNANIENSIS

418 664 473 670 -—
518 665 538 670 —
557 665 974 672 -—-..—..-·——.-.-—
1039 667 1248 674 ——.-.--
1359 669 1517 674 ----
1531 669 1563 674 -.
1601 669 1661 675 -.......
1758 670 1768 676 ι.
1791 671 1956 680 -.---..,

413 785 560 848 dedimus
584 785 677 848 vobis
703 783 867 848 licenciam
891 786 932 848 ad
957 787 1142 850 studium
1168 789 1279 860 eundi,
1305 799 1354 850 est
1379 807 1503 863 verum,
1528 789 1585 851 sed
1603 801 1722 870 expost
1746 803 1874 874 metvos
1898 793 1972 853 indi·

414 895 528 966 castis,
553 894 626 974 quia
651 913 705 966 ea,
730 913 790 974 pro
815 894 931 974 quibus
954 895 1073 968 ivistis,
1099 896 1192 957 nobis
1215 896 1480 968 demonstrastis
1515 897 1616 958 ivistis
1640 899 1725 960 enim
1749 909 1883 979 propter
1907 919 1973 979 pre-

414 1004 591 1084 posituram
616 1012 758 1065 vestram
783 1013 816 1064 et
840 1012 975 1082 propter
999 1003 1268 1083 adequacionem,
1293 1023 1353 1084 pro
1377 1005 1465 1066 cuius
1489 1005 1713 1068 destruccione
1735 1006 1971 1069 relaxacionem

414 1129 486 1171 cum
510 1111 668 1172 citacione
692 1109 793 1190 pridie
816 1109 911 1172 nobis
935 1109 1139 1189 exhibuistis
1170 1111 1385 1191 cognovimus
1409 1112 1530 1192 itaque,
1555 1113 1642 1192 quod
1667 1133 1731 1174 non
1757 1133 1853 1176 causa
1877 1115 1972 1176 studii

414 1217 472 1278 sed
496 1237 593 1278 causa
617 1217 849 1278 destruccionis
873 1215 1104 1296 adequacionis
1129 1217 1263 1279 ivistis‹.

524 1346 609 1415 193.
635 1349 739 1430 (ibid.)
775 1349 855 1412 item
888 1349 928 1410 de
952 1349 1101 1412 domibus
1134 1351 1164 1412 in
1189 1349 1275 1411 valio
1307 1361 1391 1412 terre
1414 1351 1544 1432 capituli
1576 1351 1648 1414 ans
1670 1355 1820 1432 appamit
1845 1354 1971 1426 iustum,

415 1458 502 1540 quod
525 1457 656 1532 domna,
681 1477 745 1540 que
764 1458 891 1527 noviter
914 1467 1076 1528 vacarent,
1103 1479 1161 1538 per·
1181 1458 1264 1519 dnos
1281 1456 1322 1519 de
1338 1458 1480 1538 capitulo
1497 1458 1702 1522 conserantur
1726 1462 1873 1540 personis
1896 1461 1972 1541 ydo-

415 1569 498 1650 neiS,
535 1585 597 1648 que
629 1585 767 1646 persone
798 1585 855 1646 per
886 1565 1063 1646 capitulum
1097 1564 1238 1626 debeant
1263 1563 1437 1638 defensari,
1476 1567 1506 1626 in
1531 1585 1607 1628 casu
1630 1587 1696 1648 quo
1721 1569 1906 1648 prepositus
1930 1569 1970 1629 ad

414 1673 590 1754 equitatem
613 1675 722 1736 venire
746 1673 895 1735 noluerit.

528 1801 611 1870 194.
637 1805 671 1887 (i.
702 1805 788 1886 173⁰)
821 1805 901 1868 Item
927 1805 1171 1875 concluserunt,
1205 1804 1292 1886 quod
1316 1804 1390 1866 villa
1415 1805 1532 1885 Wyeie
1556 1817 1643 1868 retro
1672 1807 1829 1888 oppidum
1855 1807 1968 1874 Nakel,

415 1913 440 1975 si
465 1932 535 1974 eam
561 1913 746 1994 prepositus
770 1932 836 1974 non
861 1913 916 1976 wit
941 1913 1130 1994 simpliciter
1154 1913 1297 1993 recipere
1321 1933 1340 1974 a
1365 1913 1429 1974 dno
1454 1913 1594 1987 decan0,
1619 1915 1791 1994 recipiatur
1806 1925 1838 1978 et
1855 1915 1968 1977 venda-

415 2029 465 2082 tur
489 2029 544 2082 aut
567 2039 627 2100 pro
651 2020 720 2083 aliis
743 2020 838 2082 bonis
862 2031 1071 2101 permutetur.

526 2151 608 2220 195.
634 2153 738 2238 (ibid.)
762 2151 926 2216 Statutum
950 2163 1063 2214 contra
1080 2155 1216 2216 vicarios
1238 2163 1270 2216 et
1287 2151 1439 2214 officiales
1456 2153 1597 2216 -item
1621 2155 1864 2226 concluserunt,
1882 2155 1969 2236 quod

413 2265 477 2328 sint
500 2263 683 2326 conformes
707 2261 856 2324 omnibus
880 2259 1023 2324 ecclesiis
1051 2258 1252 2340 Gneznensi‚
1278 2260 1553 2334 Wiadisiaviensi,
1579 2261 1785 2325 Cracoviensi
1810 2273 1842 2324 et
1867 2263 1970 2324 tocius

416 2371 594 2453 provincie,
630 2390 671 2432 ne
702 2367 846 2432 officialis
877 2377 931 2430 aut
960 2367 1098 2430 vicarius
1131 2369 1160 2428 in
1186 2365 1412 2448 Spirituaiibus
1438 2387 1497 2448 pro
1521 2379 1670 2449 tempore
1695 2371 1873 2434 existentes
1897 2390 1971 2449 quo-

416 2478 582 2560 quomodo
606 2477 648 2539 ab
672 2476 780 2558 aliquo
812 2474 1009 2557 prelatorum
1043 2487 1075 2536 et
1105 2477 1335 2536 canonicorum
1367 2495 1427 2555 pro
1459 2476 1669 2538 citacionibus
1701 2478 1875 2558 quidquam
1900 2478 1972 2538 reci-

415 2587 522 2668 piant,
560 2585 647 2666 quod
679 2585 705 2646 si
729 2603 823 2646 secus
846 2581 957 2644 iecerit
981 2593 1013 2644 et
1037 2583 1155 2663 aliquid
1181 2583 1328 2664 exegerit
1352 2593 1466 2644 contra
1491 2583 1691 2646 voluntatem
1717 2583 1914 2664 prelatorum
1939 2596 1971 2645 et

415 2693 659 2766 canonicorum,
684 2692 900 2771 suspendatur
923 2710 942 2750 a
966 2689 1108 2769 capitulo
1133 2701 1165 2750 et
1189 2689 1423 2751 reseccionibus
1447 2691 1488 2752 ad
1513 2711 1610 2752 unum
1635 2710 1779 2753 mensem
1804 2691 1966 2752 inclusive.

528 2823 609 2892 196.
633 2825 667 2903 (i.
697 2825 768 2904 174)
794 2823 843 2884 De
867 2822 1038 2904 diligencia
1062 2823 1198 2884 duorum
1223 2823 1263 2884 ad
1289 2823 1387 2884 dnum
1411 2823 1517 2903 Epum
1542 2823 1647 2886 fienda
1670 2861 1713 2870 —-
1738 2825 1818 2886 item
1844 2823 1970 2886 conciu-

416 2945 526 2997 serunt
550 2945 582 2996 et
607 2932 918 3003 determinaverunt,
953 2931 1041 3010 quod
1073 2951 1132 2992 sex
1153 2931 1299 2992 canonici
1322 2940 1377 2993 aut
1402 2929 1516 3010 prelati
1540 2931 1660 2992 adeant
1683 2933 1782 2993 dnum
1806 2931 1914 3011 Eputn
1939 2941 1971 2992 et

416 3042 524 3104 dicant
548 3039 609 3102 sibi
632 3038 691 3102 hec
716 3038 812 3100 verba
839 3038 879 3099 de
903 3037 1022 3100 fabrica
1046 3037 1194 3099 ecclesie:
1224 3037 1315 3098 »Rde
1339 3048 1439 3117 pater,
1465 3037 1516 3098 diu
1541 3049 1606 3110 est,
1631 3039 1717 3118 quod
1741 3037 1817 3100 Ptas
1834 3038 1875 3100 V.
1901 3057 1971 3118 pro·

416 3149 502 3212 misit
527 3147 696 3209 nobiscum
720 3146 926 3234 contribuere
950 3143 1121 3216 fabricam,
1146 3144 1203 3206 sed
1228 3143 1268 3205 ad
1293 3145 1524 3206 execucionem
1548 3146 1578 3206 in
1603 3143 1794 3206 hodiernum
1819 3145 1903 3206 diem
1927 3143 1969 3206 V.

417 3257 508 3320 Ptem
532 3255 624 3318 tarde
648 3253 825 3334 procedere
849 3252 1075 3334 cognovimus
1110 3261 1282 3332 propterea
1313 3252 1340 3313 si
1363 3250 1439 3314 Ptas
1462 3251 1503 3312 V.
1528 3251 1725 3332 peramplius
1749 3251 1971 3322 dissimulabit,

416 3375 536 3427 extunc
560 3363 790 3424 commiserunt
814 3360 968 3442 conqueri
993 3359 1098 3439 primo
1123 3358 1188 3418 dno
1213 3367 1326 3420 nostro
1350 3359 1512 3420 communi
1529 3358 1595 3420 dno
1612 3357 1778 3438 Archiepo
1803 3368 1836 3420 et
1852 3369 1971 3438 expost

415 3471 500 3552 Regi
531 3491 569 3533 ac
598 3470 659 3534 toti
689 3468 871 3531 consilio
903 3465 1125 3536 nobilium,
1162 3464 1276 3528 nolunt
1300 3467 1385 3526 enim
1410 3466 1440 3526 in
1465 3465 1583 3527 haere
1608 3477 1674 3527 tam
1698 3465 1798 3526 ardua
1822 3475 1854 3527 et
1878 3485 1970 3545 opor-

415 3591 500 3652 tuna,
525 3577 674 3640 videlicet
698 3596 758 3656 pro
775 3574 1005 3636 informacione
1026 3573 1169 3645 ecclesie,
1187 3571 1384 3653 peramplius
1406 3583 1528 3644 tacere,
1554 3573 1614 3653 ipsi
1635 3573 1720 3634 enim
1737 3583 1863 3652 partem
1887 3574 1969 3652 ipso·

416 3707 486 3748 rum
510 3685 761 3748 contribucionis
784 3683 824 3744 ad
848 3683 933 3743 diem
957 3701 1016 3761 per
1040 3701 1099 3742 vos
1123 3679 1345 3760 deputandum
1370 3691 1462 3760 grate
1486 3679 1612 3742 solvere
1636 3689 1711 3741 sunt
1735 3681 1850 3760 parati,
1875 3699 1970 3760 quem

416 3793 500 3856 diem
525 3791 601 3856 Ptas
624 3791 667 3854 V.
692 3791 842 3873 dignetur
865 3787 1025 3870 prefigere
1050 3796 1185 3868 propter
1208 3786 1345 3848 celerem
1371 3787 1650 3867 expedicionem«.

519 3925 600 3988 Item
624 3925 789 4006 rogandus
813 3933 863 3984 est
887 3921 969 3983 dnus
1002 3921 1106 4001 Epus,
1143 3920 1310 4000 quomodo
1343 3939 1456 3981 omnes
1488 3921 1541 3981 dni
1572 3921 1710 3982 maiores
1735 3921 1828 3982 nobis
1852 3919 1971 4000 suppli-

416 4043 546 4103 carunt,
568 4043 602 4094 ut
627 4031 668 4092 V.
692 4028 784 4092 Ptem
809 4029 973 4092 exhortari
998 4027 1190 4088 deberemus
1207 4038 1239 4088 et
1264 4037 1462 4106 peteremus,
1487 4028 1575 4108 quod
1593 4027 1776 4098 officialem,
1800 4027 1969 4089 doctorem

416 4149 449 4202 et
472 4150 646 4212 maturum,
671 4139 765 4202 nobis
789 4149 822 4200 et
846 4139 891 4200 eis
916 4137 992 4198 dare
1015 4147 1048 4197 et
1073 4135 1270 4196 constituere
1294 4135 1468 4214 deberetis,
1493 4154 1552 4216 pro
1576 4155 1641 4216 quo
1666 4155 1728 4196 una
1752 4154 1825 4197 cum
1849 4135 1895 4196 eis
1915 4131 1971 4195 hu-

416 4246 532 4309 militer
556 4246 786 4327 supplicamus.

522 4381 602 4443 Item
625 4381 789 4462 rogandus
814 4389 864 4441 est
887 4375 970 4438 dnus
995 4375 1101 4456 Epus,
1128 4375 1217 4457 quod
1241 4375 1420 4456 quemlibet
1443 4375 1603 4456 prelatum
1627 4386 1660 4438 et
1677 4375 1867 4438 canonicum
1885 4375 1969 4435 circa

416 4506 507 4549 suam
531 4487 784 4549 iurisdiccionem
808 4485 885 4547 velit
909 4503 1112 4546 conservare.

522 4621 603 4684 item
627 4621 715 4702 quod
738 4620 825 4682 bona
849 4639 907 4700 per
930 4620 1035 4698 ipsum
1060 4628 1192 4697 recepta
1223 4615 1372 4678 videlieet
1402 4615 1621 4678 molendinum
1653 4615 1777 4678 vicariis
1810 4615 1967 4676 restituat.

522 4752 603 4815 Item
627 4753 716 4834 quod
741 4773 800 4833 pro
824 4771 949 4833 organo
974 4751 1132 4812 decimam
1156 4751 1188 4810 in
1212 4749 1411 4830 Dunynowo
1435 4750 1625 4832 assignaret.

522 4887 603 4950 Item
629 4885 716 4968 quod
740 4907 791 4948 res
815 4886 941 4947 ablatas
965 4885 1116 4947 videlicet
1139 4903 1266 4946 crucem
1300 4903 1446 4958 auream,
1483 4903 1565 4966 quas
1595 4883 1732 4962 recepit,
1767 4881 1915 4943 restituat
1939 4889 1972 4940 et

417 4995 499 5056 circa
523 4993 693 5056 ecclesiam
716 5003 863 5074 reponat.

522 5125 603 5190 Item
627 5124 844 5188 hereticus
868 5125 973 5187 eidem
997 5124 1161 5206 dno.Epo
1185 5133 1234 5187 est
1259 5123 1450 5186 deferendus
1474 5133 1507 5186 et
1538 5122 1659 5203 scripta
1691 5121 1750 5184 sibi
1782 5121 1966 5182 offerantur.

522 5259 604 5322 item
628 5259 850 5322 exhortandus
874 5270 923 5322 est
947 5259 1030 5322 dnus
1054 5258 1163 5340 EpuS,
1187 5258 1274 5339 quod
1291 5257 1410 5320 habeat
1434 5257 1567 5319 consilia
1590 5257 1734 5328 aliorum,
1750 5255 1900 5316 videlicet
1916 5251 1970 5314 dni

418 5365 572 5448 ilrchiepi
596 5377 629 5428 et
653 5365 808 5447 Eporum.
