4416 6366
928 609 1017 659 ANNI
1037 607 1118 664 1500,
1736 625 1792 690 171

236 823 376 886 cundum
399 822 628 886 Decretalium.
652 859 695 868 -
718 823 801 885 Item
826 821 943 886 Abbas
960 843 1057 904 super
1077 824 1212 886 tercium
1236 821 1466 885 Decretalium.
1491 858 1534 866 —
1558 820 1641 883 Item
1658 820 1796 884 Novella

235 929 387 994 iohannis
410 931 545 993 Andree
571 953 669 1012 super
690 929 836 993 Sextum.
863 967 903 975 —
928 931 1010 992 Item
1034 928 1208 1012 Speculum
1245 929 1417 992 Gwillelmi
1452 927 1586 990 Durand
1609 948 1682 990 cum
1707 927 1793 990 addi·

235 1038 376 1101 tionibus
400 1038 552 1100 Iohannis
583 1038 718 1102 Andree
742 1049 776 1100 et
800 1037 902 1100 Baldi.
927 1074 969 1082 -
993 1037 1075 1100 Item
1100 1058 1174 1118 pars
1208 1038 1350 1100 secunda
1374 1037 1519 1099 eiusdem
1544 1033 1726 1098 Gwillelmi.
1751 1073 1792 1082 —

235 1145 315 1208 Item
340 1166 415 1226 pars
439 1147 539 1208 tercia
574 1146 718 1208 eiusdem
755 1143 934 1208 Gwillelmi.
959 1143 1109 1207 —Item
1140 1144 1222 1206 liber
1257 1143 1415 1206 Codicum
1451 1163 1523 1204 cum
1558 1153 1726 1223 apparatu.
1752 1179 1793 1188 -

234 1251 315 1314 Item
340 1253 532 1315 FrancIscus
556 1253 597 1314 de
621 1252 797 1315 Zabarellis
822 1272 919 1333 super
944 1250 1174 1314 Clementinas
1203 1251 1347 1313 -Item
1381 1249 1608 1330 interpretatio
1633 1247 1795 1311 Anthonii

234 1360 275 1422 de
298 1359 410 1422 Butrio
433 1381 452 1421 a
476 1359 571 1423 titulo
595 1360 636 1421 de
661 1359 872 1422 translatione
908 1359 1115 1445 prelatorum.
1141 1395 1183 1404 —-
1208 1358 1290 1420 Item
1316 1357 1454 1418 Novella
1478 1355 1632 1418 Iohannis
1657 1355 1794 1418 Andree

234 1487 331 1546 super
353 1468 456 1546 primo
491 1465 718 1528 Decretalium.
748 1465 890 1528 —Item
926 1479 1024 1545 super
1058 1466 1172 1546 quInto
1208 1464 1428 1526 Decretalium
1465 1464 1617 1526 eiusdem.
1642 1499 1685 1508 -
1708 1461 1791 1525 Item

233 1574 447 1654 repertorium
472 1575 638 1654 utriusque
662 1575 736 1636 iuris
760 1571 912 1635 Iohannis
936 1571 1095 1635 Bertachii
1120 1571 1160 1634 de
1183 1572 1302 1634 Firmo.
1321 1607 1363 1617 -
1379 1570 1462 1632 Item
1480 1571 1602 1632 lectura
1625 1569 1789 1633 Francisci

233 1681 275 1743 de
297 1681 473 1744 Zabareilis
496 1693 595 1762 super
618 1680 839 1744 Clementinas
864 1682 894 1742 In
919 1681 1033 1760 papiro
1058 1681 1186 1760 scripta.
1212 1679 1357 1742 -Item
1382 1698 1507 1740 summa
1532 1676 1726 1739 Hostiensis
1753 1713 1792 1723 -

232 1788 315 1850 Item
338 1789 441 1869 prima
464 1808 539 1868 pars
563 1789 732 1869 repertorii
756 1788 923 1868 utriusque
947 1787 1021 1848 iuris
1044 1785 1197 1848 Iohannis
1222 1783 1408 1864 Berthachy
1433 1785 1474 1846 de
1498 1784 1618 1846 FIrm0.
1709 1784 1792 1846 Item

233 1894 376 1958 secunda
400 1915 475 1976 pars
499 1895 653 1958 eiusdem.
680 1933 719 1940 -
745 1894 827 1956 Item
851 1894 1039 1957 Decretum.
1065 1931 1106 1938 —-
1130 1893 1212 1954 Item
1229 1893 1444 1973 repertorium
1464 1890 1635 1953 Calderini.
1653 1929 1692 1936 —
1711 1891 1793 1954 Item

232 2002 448 2082 repertorium
484 2001 611 2064 Nicolai
644 2003 684 2064 de
719 2001 813 2065 Milis.
847 2001 993 2064 -Item
1030 1999 1207 2082 Speculum
1244 2018 1375 2062 aureum
1412 1999 1526 2060 decem
1562 2009 1792 2077 preceptorum

232 2108 337 2171 fratris
362 2108 493 2170 Henrici
528 2109 648 2172 ordiniS
684 2109 854 2172 Minorum.
880 2144 921 2153 -
948 2105 1028 2171 Item
1064 2107 1222 2169 Henricus
1257 2107 1298 2169 de
1330 2107 1403 2168 Piro
1427 2125 1525 2185 super
1559 2105 1725 2168 Institutis.
1750 2145 1791 2152 -

232 2215 313 2278 Item
351 2236 436 2278 nove
471 2215 653 2279 decisiones
685 2227 765 2278 rote.
791 2215 938 2278 -Item
974 2217 1188 2295 repertorium
1223 2213 1315 2275 Baldi
1350 2212 1428 2275 alias
1463 2212 1724 2276 Innocentianus
1751 2251 1791 2259 —

233 2321 315 2385 Item
339 2323 527 2404 questiones
563 2322 785 2385 Bartholomei
823 2323 999 2385 BrIxiensis
1031 2323 1062 2382 in
1088 2341 1287 2404 pargameno
1311 2321 1441 2402 scripte.
1468 2319 1613 2382 -Item
1638 2320 1793 2401 interpre-

231 2432 375 2493 tationes
400 2429 561 2492 Dominici
586 2430 626 2492 de
650 2428 844 2493 Geminiano
876 2450 974 2510 super
1005 2427 1152 2491 Sextum.
1178 2466 1217 2472 -
1243 2428 1323 2490 Item
1348 2429 1451 2508 prima
1475 2448 1550 2507 pars
1575 2447 1699 2489 summe
1724 2427 1792 2488 An·

231 2535 340 2598 thonii.
366 2575 407 2583 -
432 2538 514 2601 Item
539 2539 680 2600 secunda
705 2559 780 2618 pars
805 2538 949 2600 eiusdem
974 2534 1143 2600 Anthonii.
1169 2573 1209 2581 -
1234 2534 1315 2598 Item
1339 2536 1439 2598 tercia
1472 2555 1547 2611 pars
1571 2534 1724 2597 eiusdem.
1750 2572 1791 2580 -—

229 2644 312 2706 Item
338 2657 451 2726 quarta
475 2665 551 2726 pars
575 2645 730 2708 eiusdem.
758 2683 798 2692 -
822 2645 905 2708 Item
929 2645 996 2708 vita
1021 2641 1149 2706 Christi
1239 2641 1320 2704 Item
1345 2661 1515 2730 sermones
1539 2639 1633 2703 Socci
1658 2641 1698 2703 de
1714 2651 1791 2704 tem·

230 2772 320 2832 pore.
346 2790 386 2797 —
412 2753 491 2814 Item
517 2773 644 2816 summa
668 2750 823 2834 angelica.
847 2789 888 2797 --
913 2751 995 2814 Item
1020 2770 1145 2814 summa
1170 2747 1315 2811 Gotlredi
1349 2750 1380 2810 in
1405 2768 1615 2830 pargameno.
1640 2786 1681 2794 —
1706 2747 1789 2812 Item

231 2856 358 2920 Lumen
383 2860 499 2921 anIme.
521 2861 659 2922 -Item
684 2861 837 2940 repetitio
860 2859 1007 2940 Baptiste
1032 2858 1073 2920 de
1097 2879 1122 2922 s.
1149 2857 1266 2920 Blasio.
1286 2893 1326 2902 —-
1343 2856 1425 2919 Item
1450 2859 1553 2938 prima
1577 2877 1652 2937 pars
1668 2857 1790 2920 lecture

230 2963 391 3028 Dominici
416 2967 455 3027 de
480 2965 673 3028 Geminiano
698 2987 795 3048 super
818 2963 965 3028 Sextum.
992 3003 1031 3011 -
1056 2965 1138 3028 Item
1167 2963 1370 3026 Inlortiatum
1406 2964 1525 3045 legum.
1553 3001 1593 3008 —
1619 2963 1701 3026 Item
1727 2964 1789 3027 De-

228 3072 367 3134 cretales
392 3094 464 3136 cum
490 3084 658 3154 apparatu.
688 3113 726 3119 -
752 3074 834 3136 Item
859 3073 1054 3156 margaritha
1079 3073 1221 3134 Decreti.
1248 3110 1288 3116 -
1314 3071 1397 3132 Item
1420 3071 1651 3134 concordantie
1674 3071 1789 3134 Ewan-

229 3179 415 3259 gelistarum
440 3191 472 3242 et
497 3181 609 3243 Biblie.
636 3219 675 3226 —-
701 3181 784 3243 Item
808 3199 976 3244 sermones
1000 3178 1094 3242 Socci
1120 3179 1160 3241 de
1186 3177 1324 3242 Sanctis.
1350 3216 1390 3224 -
1416 3177 1499 3240 Item
1523 3176 1726 3242 Catholicon.
1746 3217 1786 3224 —

228 3285 310 3347 Item
335 3283 528 3348 Omeliarius
551 3287 733 3350 doctorum.
761 3325 798 3332 -
826 3287 908 3350 Item
933 3288 1075 3367 practica
1099 3284 1251 3347 iohannis
1276 3285 1316 3346 de
1340 3284 1504 3347 Ferrariis.
1531 3322 1571 3329 —
1597 3284 1679 3346 Item
1696 3304 1790 3347 voca-

228 3392 369 3456 bularius
405 3397 571 3476 utriusque
607 3395 691 3457 iurIs.
728 3432 769 3440 -
801 3395 883 3458 Item
918 3394 1119 3457 formularius
1155 3393 1452 3455 instrumentorum.
1480 3391 1627 3454 -Item
1663 3392 1787 3455 maleus

229 3498 457 3564 maleficorum.
483 3499 648 3563 Summa
672 3503 850 3564 eorundem
873 3501 1073 3565 voluminum
1097 3499 1201 3562 LXII.

440 3718 483 3782 A.
512 3735 611 3800 1500,
636 3718 791 3783 Octobris
820 3737 870 3798 14,
894 3721 927 3782 in
951 3720 1105 3800 capitulo.

334 3857 421 3924 913.
446 3861 511 3938 (VI.
538 3861 644 3944 22⁰)..
668 3861 787 3924 Vener.
814 3863 867 3924 dni
892 3862 1053 3925 Iohannes
1078 3863 1118 3924 de
1143 3862 1288 3924 Lucowo
1312 3861 1470 3932 decanus,
1494 3860 1720 3942 Sigismundus
1744 3862 1785 3925 de

225 3967 454 4048 Camyenyecz
478 3979 512 4031 et
536 3969 690 4031 Nicolaus
716 3969 757 4031 de
781 3967 1007 4048 Oleschnycza
1031 3969 1176 4031 canonici
1201 3969 1242 4031 ad
1259 3989 1373 4031 sonum
1392 3989 1550 4049 campane
1567 3969 1784 4049 capitulariter

223 4076 416 4156 congregati
448 4075 663 4138 decreverunt
686 4077 764 4138 dare
789 4085 822 4138 et
846 4077 968 4138 donare
999 4085 1066 4139 tres
1090 4096 1215 4138 marcas
1240 4077 1279 4137 de
1303 4077 1448 4156 pecuniIs
1482 4077 1613 4156 capituli
1646 4077 1783 4139 ecclesie

227 4180 366 4242 Poznan.
403 4182 585 4244 senioribus
616 4203 672 4244 seu
708 4183 980 4263 gubernatoribus
1012 4183 1063 4246 vel
1088 4182 1385 4263 campiductoribus
1420 4183 1783 4264 crucesignato,-

222 4308 314 4350 rum
339 4309 423 4350 nunc
447 4299 560 4350 contra
585 4289 763 4351 Turcos
799 4298 832 4350 et
857 4289 1089 4352 Tartaros
1113 4290 1226 4369 vigore
1251 4289 1422 4352 iubilei
1446 4289 1718 4370 proficiscentium
1748 4298 1781 4352 et

223 4396 410 4457 exeuntium
439 4397 479 4458 de
504 4395 681 4468 Poznania,
712 4417 752 4458 ne
778 4397 809 4458 in
833 4395 984 4458 exeundo
1008 4397 1165 4476 dampna,
1197 4396 1373 4458 violencias
1397 4407 1429 4459 et
1454 4397 1572 4477 predas
1596 4395 1782 4458 homInibus

220 4521 259 4562 ac
283 4501 420 4565 subditis
445 4503 603 4584 bonisque
628 4513 660 4566 et
684 4503 946 4584 possessionibus
982 4503 1119 4564 dnorum
1144 4512 1177 4565 et
1201 4505 1302 4565 totius
1332 4503 1464 4583 capituli
1499 4503 1652 4566 inferrent
1676 4523 1782 4584 neque

221 4610 417 4690 irrogarent,
454 4631 513 4672 nec
538 4631 733 4692 quemquam
768 4611 893 4673 illorum
929 4613 1152 4692 opprimerent
1188 4611 1239 4672 vel
1271 4609 1445 4684 violarent,
1482 4611 1781 4692 mandaveruntque

220 4736 280 4798 per
303 4715 402 4779 dnum
428 4715 571 4797 Olessky
595 4727 840 4798 procuratorem
866 4717 998 4799 capituli
1022 4717 1145 4780 dandas
1168 4717 1265 4779 hodie
1288 4716 1341 4778 vel
1364 4737 1446 4780 cras.

438 4953 481 5016 A.
512 4969 610 5032 1500,
635 4955 832 5018 Novembris
862 4973 915 5027 12,
943 4957 974 5017 in
998 4955 1140 5036 capitulo
1165 4955 1317 5036 generali,

329 5093 415 5162 914.
438 5097 505 5180 (VI.
531 5096 604 5178 24⁰).
629 5097 750 5160 Ibidem
774 5099 828 5160 dni
852 5099 883 5160 in
907 5097 994 5160 facto
1018 5098 1213 5176 receptionis
1242 5097 1388 5159 toralium
1420 5099 1599 5159 communis
1622 5097 1689 5170 lori,
1714 5095 1780 5157 die·

218 5207 280 5268 bus
305 5205 483 5268 sabbatinis
518 5205 677 5267 Poznanie
712 5205 823 5268 haberi
854 5215 886 5268 et
914 5207 1015 5268 teneri
1051 5205 1145 5276 soliti,
1182 5205 1221 5265 de
1258 5203 1457 5266 carnificibus
1492 5202 1723 5284 Walyschewo
1747 5213 1781 5266 et

219 5311 353 5376 Ostrow
377 5312 460 5374 ultra
483 5311 751 5374 consuetudInem
774 5323 806 5375 et
830 5331 902 5374 cum
928 5311 1103 5392 preiudicio
1126 5313 1271 5392 ipsorum
1295 5309 1479 5373 carnificum
1497 5331 1556 5391 per
1572 5310 1780 5391 burgrabium

217 5421 315 5482 castri
350 5417 488 5481 Poznan.
525 5421 672 5482 institute
707 5429 739 5482 et
775 5419 860 5481 lacte
894 5439 1001 5482 vener.
1039 5419 1122 5480 dnos
1157 5415 1335 5480 Iohannem
1370 5417 1504 5499 Gorslry
1537 5428 1571 5481 et
1606 5418 1777 5480 Nicolaum

218 5523 363 5605 Olessky
387 5527 562 5588 canonicos
586 5527 618 5587 in
643 5536 784 5587 castrum
819 5525 955 5588 Poznan.
979 5525 1021 5588 ad
1046 5524 1176 5606 magniI.
1202 5525 1300 5586 dnum
1326 5524 1547 5605 Pampowsky
1572 5525 1775 5604 capitaneum

218 5631 350 5693 ManrIs
375 5631 506 5694 PolonIe
531 5632 724 5714 generalem,
750 5633 988 5716 quamprImum
1011 5631 1205 5694 Poznaniam
1230 5633 1369 5704 venerit,
1405 5635 1507 5694 ituros
1530 5632 1776 5714 deputaverunt.
