4416 6366
930 553 1021 604 nuru
1041 551 1117 610 alst.
1734 581 1792 645 133

569 646 850 658 -.--....----———--
860 647 993 653 Ἦ...
1348 651 1381 660 .-

238 774 399 838 Iohannes
423 775 464 837 de
486 773 660 842 Zakrzevo,
690 765 871 832 Stanislaus
894 765 1081 848 lablowslry
1105 769 1147 832 de
1170 768 1344 843 Palandze,
1377 771 1532 836 Nicolaus
1556 774 1596 836 de
1620 773 1796 857 Szirpowo,

238 881 434 946 Vincencius
465 882 506 944 de
539 878 720 948 Carceewo.
758 873 922 938 Woislaus
953 874 1157 956 Kyelbassza
1192 877 1233 938 de
1269 877 1528 960 Thymyenyecz
1563 893 1596 944 et
1620 882 1733 946 Petrus
1757 883 1797 946 de

238 987 442 1072 Cobylnyky
466 986 581 1068 prelati
605 995 638 1048 et
662 983 808 1046 canonici
831 981 872 1044 ad
896 1001 1012 1046 sonum
1037 1003 1195 1065 campane
1219 986 1439 1064 capitulariter
1462 991 1662 1072 congregati.

346 1126 434 1196 698.
470 1129 577 1212 (ibid.)
612 1127 735 1189 Ibidem
767 1123 821 1186 dni
852 1125 884 1186 in
908 1126 1075 1206 presencia
1098 1125 1174 1188 Rmi
1199 1127 1253 1188 dni
1277 1127 1339 1208 Epi
1365 1128 1449 1192 dnos
1474 1149 1601 1211 mgrum
1626 1131 1797 1195 Nicolaum

237 1238 278 1301 de
301 1235 506 1318 Mnyschevo
529 1234 790 1298 archidiaconum
815 1229 1120 1295 Warschoviensem
1152 1235 1183 1296 in
1208 1233 1345 1298 ecclesia
1377 1235 1524 1310 Poznan.,
1556 1237 1733 1301 Iohannem
1757 1239 1798 1302 de

237 1345 387 1420 Lulrovo,
418 1343 592 1406 Albertum
625 1339 726 1403 Scora
761 1339 801 1402 de
832 1335 908 1420 Gay
943 1338 1114 1402 custodem
1149 1337 1281 1416 Gnezn.,
1313 1341 1491 1406 Iohannem
1521 1341 1795 1426 Gylowyeczshy,

238 1450 474 1516 Allexandrum
498 1449 539 1512 de
563 1449 732 1528 Porczyny
757 1457 791 1509 et
815 1444 945 1508 Petrum
969 1447 1009 1507 de
1033 1446 1237 1530 Cobylnyky
1261 1449 1302 1510 ad
1319 1449 1520 1513 limitandum
1538 1454 1696 1533 granicies
1714 1454 1796 1516 inter

236 1559 329 1622 villas
351 1569 384 1622 et
407 1557 549 1621 dominia
574 1555 627 1618 dni
652 1555 713 1636 Epi
738 1554 770 1616 in
793 1553 887 1616 terris
910 1553 1036 1615 Mazo
1050 1554 1122 1614 vie
1146 1555 1363 1618 consistencia
1384 1567 1418 1619 et
1440 1558 1481 1619 ad
1500 1579 1645 1622 mensam
1670 1562 1793 1639 episco-

236 1665 344 1747 palem
360 1665 555 1747 spectanda,
579 1684 621 1725 ex
638 1681 709 1738 una,
730 1670 763 1723 et
780 1661 834 1722 dni
859 1659 919 1722 Co
932 1681 952 1722 n
966 1681 1011 1722 ra
1024 1660 1066 1722 di
1090 1661 1180 1724 ducis
1196 1661 1343 1724 Mazovie
1361 1674 1394 1726 et
1410 1663 1565 1728 nobilium
1583 1665 1793 1748 Boglevskye

236 1783 270 1836 et
293 1771 375 1836 alios
398 1773 579 1854 terrigenas
603 1769 721 1834 ibidem
739 1769 770 1831 in
786 1768 879 1830 terris
896 1766 1044 1830 Mazovie
1062 1769 1250 1839 existentes.
1277 1770 1422 1850 partibus
1438 1793 1481 1834 ex
1497 1771 1608 1842 altera.
1633 1773 1794 1853 profesto

237 1901 261 1943 s.
285 1878 452 1944 Michaelis
467 1878 617 1960 proxime
640 1887 779 1939 venturo
799 1876 1054 1956 deputaverunt;
1079 1895 1163 1956 quos
1187 1877 1269 1938 dnus
1285 1876 1376 1958 Epus
1392 1877 1481 1942 solus
1497 1901 1556 1960 per
1570 1901 1608 1942 se
1624 1879 1794 1944 salariabit.

452 2035 495 2100 A.
524 2038 623 2115 1481,
647 2033 714 2098 Iulii
741 2051 791 2108 20,
816 2034 847 2096 in
871 2033 1022 2114 capitulo.

344 2159 430 2229 099.
466 2161 534 2243 (Ν.
562 2161 623 2243 53).
656 2159 779 2223 Ibidem
812 2179 938 2242 mgrum
964 2158 1125 2220 Thomam
1150 2159 1420 2242 Wyelowyeslry‚
1448 2183 1575 2244 mgrum
1599 2162 1793 2227 Stanislaum

237 2271 277 2334 de
301 2269 427 2346 Gorka‚
452 2269 665 2332 Vincencium
690 2267 730 2330 de
754 2265 944 2338 Grodzisko‚
969 2265 1123 2330 Iacobum
1148 2267 1189 2329 de
1212 2265 1431 2342 Schamotuli‚
1455 2290 1507 2332 me
1532 2273 1691 2334 notarium
1712 2274 1792 2352 capi·

236 2377 308 2452 tuli,
332 2376 509 2440 Iohannem
525 2375 675 2458 Gregorii
691 2375 732 2437 de
749 2372 943 2454 Obornylry,
963 2371 1158 2436 Stanislaum
1177 2373 1323 2458 Gregorii
1342 2375 1382 2438 de
1400 2375 1593 2458 Obornyky,
1617 2377 1793 2441 Iohannem

237 2486 277 2548 de
300 2483 434 2558 Sluzew,
458 2481 628 2546 Nicolaum
653 2483 694 2544 de
717 2481 1005 2563 Romyegyevicze
1030 2479 1178 2561 publicos
1209 2484 1352 2545 notarios
1383 2485 1564 2546 consistorii
1592 2485 1728 2547 Poznan.
1752 2486 1792 2549 ad

236 2602 433 2656 conuentum
466 2599 499 2654 et
524 2589 694 2652 ecclesiam
725 2587 856 2651 fratrum
893 2608 919 2650 s.
951 2587 1161 2650 Bernhardini
1195 2599 1271 2652 ante
1307 2610 1418 2653 muros
1453 2591 1588 2654 Poznan.
1625 2593 1720 2654 sitam
1752 2593 1792 2654 ad

236 2697 500 2781 protestandam,
525 2697 612 2780 quod
636 2697 697 2778 ipsi
720 2695 835 2758 iratres
851 2695 958 2757 divina
976 2695 1144 2758 missarum
1161 2695 1319 2758 solemnia
1337 2696 1472 2780 pulsatis
1489 2700 1654 2778 campanis
1670 2701 1792 2781 apertis

236 2805 337 2868 ianuis
359 2825 469 2868 coram
493 2805 598 2868 tocius
621 2803 734 2887 populi
758 2801 962 2865 multitudine
986 2822 1070 2864 voce
1094 2802 1231 2864 solemni
1255 2814 1404 2886 ternpore
1422 2805 1581 2869 interdicti
1597 2808 1792 2870 auctoritate

236 2913 395 2976 ordinaria
418 2911 474 2976 lati
498 2922 531 2975 et
554 2912 698 2993 Impositi
721 2919 854 2974 cantant
878 2919 912 2972 et
936 2930 971 2972 se
995 2911 1035 2972 de
1061 2910 1176 2973 divinis
1200 2910 1312 2974 officiis
1336 2923 1485 2994 tempore
1510 2913 1670 2977 interdicti
1694 2914 1792 2976 intro·

235 3019 384 3096 mittunt,
408 3017 680 3104 [deputaverunt].

449 3177 491 3240 Α.
521 3179 619 3256 1481,
644 3176 712 3241 Iulii
738 3194 796 3252 21,
818 3179 852 3239 in
875 3176 1027 3258 capitulo.

344 3299 429 3369 700.
454 3303 523 3384 (Ν.
550 3305 643 3382 53)..
667 3302 790 3366 Ibidem
808 3302 862 3364 dni
879 3301 1046 3376 decanum,
1072 3300 1257 3376 officialem,
1282 3302 1451 3366 doctorem
1476 3303 1598 3366 Costen
1623 3313 1656 3365 et
1673 3301 1790 3364 Hecto·

234 3431 302 3474 rem
334 3411 376 3473 ad
400 3410 627 3493 proconsulem
660 3419 693 3473 et
727 3409 877 3472 consules
911 3409 1048 3472 Poznan.
1083 3410 1115 3471 in
1149 3408 1236 3472 iacto
1271 3409 1432 3474 interdicti
1467 3421 1580 3474 contra
1613 3409 1790 3472 Iohannem

237 3517 415 3592 Cosmider,
447 3516 536 3599 quod
568 3515 670 3579 noluit
701 3516 791 3578 exire
816 3515 856 3578 de
879 3515 1057 3589 Poznania,
1089 3515 1129 3578 de
1154 3536 1218 3598 quo
1243 3516 1300 3580 suit
1324 3515 1423 3580 latum
1449 3518 1668 3590 interdictum,
1694 3516 1791 3579 etad

234 3623 415 3687 laciendum
452 3622 616 3705 querelam
652 3633 765 3684 contra
795 3621 910 3685 fratres
941 3621 1197 3694 BemhardinOS,
1229 3623 1317 3702 quod
1353 3623 1524 3686 noluerunt
1555 3635 1666 3684 tenere
1698 3624 1791 3684 inter·

234 3730 356 3794 dictum
388 3751 448 3792 nec
472 3750 507 3793 se
532 3729 724 3792 confomrari
756 3730 891 3791 ecclesie
921 3749 945 3790 s,
969 3728 1069 3790 Marie
1098 3727 1291 3810 Magdalene
1323 3730 1466 3808 ipsorum
1497 3731 1604 3800 matri,
1635 3729 1695 3790 sub
1727 3748 1789 3808 qua

232 3847 308 3901 sunt
331 3835 427 3900 locati
450 3847 483 3900 et
506 3836 645 3910 fundati,
670 3837 923 3917 deputaverunt,
948 3835 1065 3918 quibus
1082 3855 1253 3916 perunum
1271 3835 1430 3898 fertonem
1448 3837 1524 3898 dare
1541 3837 1785 3900 mandaverunt.

344 3974 430 4044 701.
464 3978 568 4058 (Ibid.)
591 3978 715 4040 Ibidem
740 3979 793 4039 dni
817 3978 916 4040 dnum
940 3977 1146 4040 scolasticum
1172 3977 1317 4040 lecerunt
1342 3979 1434 4040 huius
1458 3979 1508 4040 vie
1532 3978 1722 4058 participem
1747 3997 1789 4038 cx

233 4107 284 4160 eo,
308 4086 382 4167 quia
405 4086 456 4148 die
479 4087 627 4160 crastina,
651 4085 714 4147 hoc
731 4096 781 4148 est
798 4086 849 4147 die
866 4085 896 4147 b.
913 4084 1014 4147 Marie
1030 4083 1233 4166 Magdalene,
1259 4087 1290 4146 in
1307 4085 1444 4148 ecclesia
1460 4084 1631 4165 collegiata
1648 4105 1671 4146 s.
1688 4083 1789 4145 Marie

231 4191 428 4274 Magdalene
451 4212 511 4273 pro
536 4191 660 4274 populo
684 4202 756 4256 toto
781 4192 857 4255 lecit
881 4201 995 4254 contra
1018 4191 1152 4254 eosdem
1168 4191 1409 4254 Bernhardinos
1425 4211 1618 4266 sermonem,
1642 4192 1692 4252 cui
1709 4190 1789 4253 simi-

231 4297 304 4362 liter
327 4299 470 4364 fertones
493 4301 622 4362 racione
644 4298 827 4362 huiusmodi
851 4300 1013 4362 sermonis
1036 4299 1112 4361 dare
1137 4299 1340 4379 procuratori
1364 4298 1606 4360 mandaverunt.

444 4457 488 4520 A.
518 4461 617 4539 1481,
640 4457 707 4520 Iulii
734 4473 784 4538 27,
811 4460 841 4520 in
866 4458 1018 4539 capitulo

341 4578 427 4647 702.
458 4582 527 4662 (Ν.
553 4587 615 4665 53).
643 4582 765 4645 Ibidem
790 4583 844 4645 dni
868 4604 977 4645 vener.
1003 4583 1068 4644 dno
1093 4603 1188 4664 mgro
1211 4581 1349 4644 Nicolao
1373 4582 1413 4644 de
1436 4579 1560 4644 Costen
1584 4581 1788 4642 decretorum

232 4689 359 4752 doctori
382 4709 481 4751 unum
505 4688 664 4753 fertonem
689 4711 748 4772 pro
773 4689 872 4772 fatiga
896 4701 929 4753 et
953 4692 1077 4754 minuta
1094 4690 1216 4761 littere,
1241 4709 1339 4771 quam
1356 4689 1431 4752 lecit
1446 4691 1478 4751 in
1495 4688 1581 4752 facto
1598 4687 1788 4750 Bernhardi-

231 4816 347 4859 norum
370 4795 412 4857 ad
435 4795 555 4858 Rmum
580 4806 707 4878 patrem
732 4797 831 4859 dnum
854 4795 961 4878 Epum
993 4797 1023 4858 in
1056 4795 1251 4879 Cranszym,
1283 4797 1360 4858 dare
1390 4796 1455 4858 dno
1480 4795 1680 4876 procuratori
1703 4813 1789 4856 man·

231 4903 399 4966 daverunt.

447 5061 489 5122 A.
518 5062 617 5138 1481,
642 5059 846 5144 Septembris
875 5062 956 5144 10²),
982 5063 1012 5125 in
1037 5064 1190 5144 capitulo.

339 5179 425 5249 703.
450 5183 516 5267 (Ν.
543 5199 558 5266 5
566 5187 605 5266 ς).
630 5186 753 5250 Ibidem
778 5187 862 5250 dnus
886 5189 1101 5252 comendator
1125 5190 1271 5269 reposuit
1294 5189 1447 5271 pecunias
1470 5205 1585 5248 omnes
1608 5182 1787 5245 lubilei

228 5311 304 5354 curn
328 5291 410 5354 cista
434 5311 499 5354 non
523 5303 708 5356 numeratas
731 5294 772 5356 ad
796 5293 983 5358 thezaurum
1009 5296 1147 5358 ecclesie
1170 5295 1309 5361 Poznan.
1334 5292 1576 5358 conservandas
1593 5309 1665 5354 cum
1682 5299 1787 5373 prote·

229 5399 377 5462 stacione
400 5399 553 5478 solemni;
577 5400 783 5481 presentibus
807 5411 868 5466 etc.

339 5591 360 5662 ¹)
378 5592 447 5643 Data
465 5609 488 5642 w
508 5593 651 5666 oryginule:
673 5593 738 5645 »Die
758 5593 830 5644 Lune
847 5609 917 5645 nous
936 5595 1108 5664 Septembris«
1127 5597 1176 5662 ient
1194 5597 1289 5668 myluq.
