4458 6356
942 583 1035 632 acra
1054 583 1216 633 CAPITULI
1237 583 1492 634 POZNANIENSIS

430 677 529 683 -—..—
538 678 543 683 .
564 677 619 682 ..-...
628 676 960 683 ..-..-.---.--
983 677 1265 684 —.-..-—-..-—-—
1308 677 1329 682 —-
1339 678 1390 683 —
1399 679 1421 683 --
1433 678 1508 684 -.—-
1530 677 1637 683 --.-—-.-
1647 678 1656 683 -
1673 677 1874 684 ——---———
1882 677 1965 683 --.—-
1977 677 1980 681 -

426 796 588 861 Stanislao
622 797 915 877 Dobyeschewslry
952 799 1086 868 notario,
1118 799 1329 876 personaliter
1364 800 1532 860 constituti
1563 797 1676 860 honor.
1709 799 1762 858 dni
1787 797 1925 860 Mathlas
1949 808 1981 859 et

426 903 611 985 Stephanus
636 904 876 985 Iardanowslcy,
902 925 943 968 ex
960 927 1039 988 una,
1065 907 1202 968 Iacobus
1226 907 1265 968 de
1290 904 1419 978 Grandi,
1444 907 1590 968 canonici
1615 907 1761 978 Poznan.,
1786 905 1911 966 nobiles
1927 905 1980 964 dni

426 1011 587 1076 Iohannes
612 1011 785 1091 Grandslry
803 1012 998 1074 castellanus
1015 1012 1261 1092 Spicimiriensis
1278 1025 1310 1075 et
1330 1063 1335 1076 .
1353 1064 1358 1076 .
1375 1017 1396 1092 ¹)
1423 1013 1617 1092 Kyelbasza,
1642 1034 1684 1074 ex
1708 1013 1808 1076 altera
1827 1011 1980 1092 partibus,

426 1131 545 1200 sponte
569 1131 601 1182 et
625 1121 723 1181 libere
747 1119 787 1180 de
803 1119 871 1180 alto
888 1129 920 1182 et
937 1119 1035 1182 basso
1050 1121 1345 1200 ‚compromiserunt
1368 1122 1398 1182 in
1418 1121 1536 1182 Rmum
1554 1131 1679 1202 patrem
1697 1119 1794 1180 dnum
1813 1119 1979 1180 Andream

426 1227 533 1307 Epum
558 1247 683 1290 necnon
708 1247 816 1288 vener.
841 1226 922 1288 dnos
947 1227 1160 1308 Predvogium
1188 1230 1387 1308 prepositum
1412 1226 1543 1299 Gnezn.,
1570 1227 1738 1288 Nicolaum
1764 1227 1803 1288 de
1829 1223 1980 1287 Glambo-

429 1355 521 1397 czecz
545 1335 818 1407 archidiaconum,
856 1333 1024 1394 Nicolaum
1049 1335 1231 1406 custodem,
1268 1333 1410 1396 Slawnilr
1441 1335 1682 1405 cancellarium,
1719 1333 1872 1394 Iacobum
1897 1329 1980 1393 Srae-

429 1462 590 1516 mensem,
616 1442 792 1503 Iohannem
817 1441 1121 1502 Warschoviensem
1139 1441 1397 1512 archidiaconos
1424 1441 1614 1512 Hectorem,
1639 1441 1814 1502 Iohannem
1833 1439 1980 1508 Furman,

427 1549 603 1611 Iohannem
628 1547 875 1628 Twardowsky,
901 1546 1120 1618 Clementem,
1147 1548 1320 1610 Iohannem
1347 1549 1503 1618 Ralrvicz,
1537 1548 1711 1610 Iohannem
1738 1545 1913 1627 Wyscote,
1938 1545 1984 1606 lo·

427 1657 566 1718 hannem
592 1657 632 1718 de
657 1655 772 1728 Czacz,
798 1655 1000 1726 lllliroslaum,
1027 1655 1256 1730 Wladislaum,
1282 1653 1530 1736 Sandivogium,
1555 1655 1752 1726 Sbiluthum,
1779 1653 1980 1734 Stephanum

427 1763 467 1824 de
491 1761 599 1834 Chibi,
624 1763 776 1824 Iacobum
801 1763 841 1823 de
865 1761 980 1843 Slcolry
1004 1773 1037 1823 et
1061 1761 1227 1824 Andream
1253 1763 1293 1823 de
1317 1762 1480 1844 Rogalino
1513 1763 1655 1842 prelatos
1679 1773 1712 1824 et
1736 1762 1910 1822 canonicos
1933 1780 1982 1820 ec-

427 1871 522 1933 clesie
547 1869 772 1932 Poznanieusis
787 1915 813 1928 ..
839 1870 879 1930 de
904 1881 935 1930 et
960 1890 1056 1950 super
1080 1869 1200 1940 verbis,
1225 1871 1428 1942 verberibus,
1454 1871 1576 1951 plagis,
1603 1882 1633 1931 et
1658 1869 1850 1938 vulneribus,
1875 1867 1983 1946 damp-

431 1979 479 2040 nis
503 1989 535 2040 et
567 1978 685 2038 Iniuriis
716 1979 798 2038 inter
829 1997 886 2038 eos
918 1977 1212 2056 quomodocunque
1248 1977 1390 2038 subortis
1426 1979 1602 2058 occasione,
1633 1977 1762 2039 lesionis
1798 1975 1983 2036 emunitatis

392 2151 397 2156 ,
429 2085 564 2146 ecclesie
589 2083 727 2145 Poznan.
752 2083 945 2146 cathedralis
970 2085 1112 2162 ipsorum
1139 2095 1170 2144 et
1195 2104 1325 2146 suorum
1351 2084 1568 2156 familiarium,
1593 2105 1673 2164 quos
1699 2083 1869 2164 negocium
1899 2081 1982 2142 istud

428 2193 533 2272 tangit
557 2203 611 2254 aut
636 2203 770 2273 tangere
794 2203 906 2272 posset
930 2193 960 2251 in
986 2191 1141 2260 futurum,
1167 2192 1357 2254 nominibus¹
1399 2191 1592 2272 Quiquidem
1617 2193 1671 2252 dni
1690 2191 1795 2271 Epus,
1820 2190 1932 2270 prelati
1950 2199 1982 2248 et

430 2299 575 2360 canonici
600 2299 803 2361 concorditer
827 2297 962 2359 eandem
990 2301 1153 2360 materiam
1180 2310 1276 2378 atque
1301 2319 1429 2360 causam
1463 2300 1644 2360 huiusmodi
1670 2297 1894 2378 compromissi
1919 2295 1984 2355 duo

430 2407 597 2486 preposito
622 2404 803 2466 Gneznensi
835 2407 1063 2466 commiserunt
1097 2407 1355 2467 sententiandum
1388 2408 1562 2467 secundum
1596 2425 1687 2466 suum
1712 2405 1892 2476 arbitrium,
1917 2402 1984 2461 libi-

430 2525 498 2574 tum
522 2533 560 2574 ac
584 2515 684 2574 eciam
710 2512 920 2574 voluntatem.
948 2511 1091 2573 Prelatus
1115 2515 1223 2594 itaque
1248 2513 1329 2574 duus
1350 2513 1547 2594 l'reduogius
1565 2513 1749 2592 prepositus
1767 2513 1806 2572 de
1824 2529 1982 2571 consensu

430 2620 586 2682 dictarum
612 2621 753 2699 parcium
780 2639 905 2680 necnon
930 2619 991 2698 Epi
1017 2630 1049 2680 et
1072 2621 1208 2681 duorum
1234 2622 1484 2700 prescriptorum
1510 2623 1698 2698 interposita
1716 2631 1748 2680 et
1767 2619 1883 2680 vallata
1901 2637 1984 2696 pena

431 2726 514 2790 CCC
539 2746 717 2788 marcarum
743 2775 771 2788 ..
797 2727 880 2806 parti
905 2738 1009 2788 ratum
1041 2729 1163 2788 tenenti
1189 2748 1246 2807 per
1270 2739 1396 2808 partem
1428 2730 1726 2789 contravenientem
1758 2725 1983 2788 solvendarum

434 2845 466 2896 et
491 2835 633 2896 censuris
658 2834 891 2906 ecclesiasticis,
908 2834 1056 2895 videlicet
1083 2835 1287 2913 processibus
1312 2834 1388 2895 dicti
1413 2835 1466 2896 dni
1491 2834 1552 2914 Epi
1577 2845 1631 2896 aut
1657 2836 1755 2915 Ipsius
1781 2835 1811 2894 in
1836 2831 1986 2913 Spiritua-

434 2940 517 3004 libus
541 2941 647 3002 vicarii
673 2943 738 3004 sive
775 2940 916 3002 officialis
953 2941 1127 3022 generalis,
1164 2943 1447 3022 quocienscunque
1484 2943 1513 3002 in
1539 2953 1610 3004 toto
1644 2942 1694 3002 vel
1727 2943 1756 3001 in
1783 2951 1874 3022 parte
1899 2949 1984 3000 esset

431 3057 693 3121 contraventum,
719 3048 966 3128 exigendarum,
994 3067 1089 3128 quam
1115 3067 1233 3126 penam
1257 3049 1352 3109 ambe
1371 3061 1479 3128 partes
1496 3049 1656 3128 solempni
1674 3051 1815 3128 ipsorum
1834 3065 1984 3108 manuum

430 3155 642 3234 stipulacione
667 3155 839 3218 subsecuta
864 3157 893 3216 in
919 3175 953 3216 se
975 3166 1007 3216 et
1032 3165 1145 3216 contra
1162 3175 1196 3216 se
1214 3167 1331 3234 sponte
1349 3167 1608 3236 assumpserunt,
1633 3155 1739 3217 taliter
1755 3153 1984 3216 sentenciavit:

432 3261 519 3342 quod
543 3283 657 3325 omnes
681 3263 854 3337 inimicicie,
880 3263 1000 3332 insidie,
1026 3283 1189 3332 rancores,
1218 3264 1260 3323 ire
1285 3273 1316 3324 et
1341 3263 1413 3322 odia
1438 3265 1600 3324 intereos
1625 3273 1656 3324 et
1674 3264 1815 3342 ipsorum
1835 3260 1984 3322 familiam

432 3369 603 3432 occasione
626 3369 855 3450 premissorum
879 3369 1012 3430 suborte
1036 3370 1154 3430 amodo
1180 3369 1329 3430 hincinde
1354 3373 1416 3432 sint
1440 3371 1599 3441 extincte,
1634 3391 1690 3430 nec
1716 3370 1847 3432 ulterius
1873 3388 1979 3448 perso·

432 3477 544 3540 naliter
567 3487 622 3539 aut
645 3476 832 3538 iudicialiter
866 3477 1065 3548 innovaude,
1101 3479 1177 3538 item
1212 3477 1297 3556 quod
1332 3475 1406 3538 dicti
1440 3477 1564 3539 nobiles
1601 3479 1688 3556 prius
1712 3497 1730 3536 a
1755 3477 1926 3546 canonicis,
1951 3485 1982 3535 et

432 3585 561 3646 demum
586 3585 731 3646 canonici
756 3605 773 3644 a
799 3583 959 3645 nobilibus
994 3605 1053 3663 pro
1078 3585 1200 3645 oflensa
1226 3585 1351 3646 veniam
1381 3595 1510 3664 petant,
1544 3585 1630 3665 quod
1656 3595 1688 3645 et
1714 3583 1864 3644 lecerunt.
1905 3581 1984 3644 Item

432 3691 507 3753 dicti
532 3691 656 3754 nobiles
680 3693 791 3772 copias
824 3692 1016 3754 citacionum
1050 3693 1103 3752 dni
1128 3693 1303 3771 capitanei,
1337 3692 1453 3772 quibus
1478 3692 1652 3771 capitulum
1679 3693 1865 3762 citaverunt,
1890 3689 1985 3750 hodie

432 3797 502 3859 duis
526 3797 566 3859 de
591 3797 732 3877 capitulo
757 3799 886 3860 tradant
910 3799 969 3861 sub
996 3819 1079 3878 pena
1104 3800 1272 3878 premissa.
1312 3800 1391 3862 ltem
1418 3799 1533 3860 nobilis
1566 3799 1751 3879 Kyelbassa
1775 3818 1834 3878 pro
1859 3817 1985 3858 execra-

432 3895 524 3966 cione
549 3905 684 3968 ecclesie
707 3915 739 3968 et
764 3906 908 3967 cimiterii
945 3907 1085 3987 quinque
1118 3906 1241 3986 lapides
1266 3926 1338 3968 cere
1363 3927 1422 3986 pro
1447 3907 1582 3967 ecclesia
1614 3905 1751 3966 Poznan.
1778 3904 1883 3966 solvat
1907 3901 1986 3964 iufra

431 4031 551 4073 annum
575 4011 634 4074 sub
659 4012 772 4074 eadem
797 4033 894 4092 pena,
920 4033 978 4094 pro
1004 4035 1065 4094 qua
1090 4033 1162 4074 cera
1187 4025 1219 4074 et
1244 4013 1409 4075 solucione
1433 4013 1574 4075 eiusdem
1601 4015 1669 4092 ipse
1693 4011 1775 4074 dnus
1801 4011 1984 4091 prepositus

433 4117 599 4192 fideiussit,
625 4138 688 4199 que
712 4120 820 4180 omnia
845 4120 929 4182 dicte
954 4132 1062 4200 partes
1086 4121 1145 4181 sub
1172 4141 1255 4200 pena
1280 4121 1436 4200 premissa
1461 4142 1495 4183 se
1520 4130 1704 4182 servaturos
1722 4121 1937 4200 promiserunt
1954 4127 1987 4178 et

432 4225 658 4288 submiserunt.
684 4225 764 4286 Item
790 4226 878 4307 quod
903 4227 978 4288 dicti
1003 4226 1127 4288 nobIles
1151 4227 1305 4288 hodierne
1331 4229 1585 4289 reconciliacioni
1603 4227 1737 4289 ecclesie
1756 4245 1821 4287 non
1839 4225 1986 4288 intersint

433 4341 567 4414 propter
591 4352 702 4394 recens
727 4333 930 4408 scandalum,
956 4335 1041 4415 quod
1066 4343 1249 4415 patrarunt,
1275 4345 1307 4397 et
1333 4336 1362 4395 111
1388 4345 1543 4398 terrorem
1568 4335 1711 4396 aliorum.

647 4543 691 4606 A.
722 4561 819 4623 1449,
844 4545 922 4607 Iunii
949 4562 983 4624 3,
1008 4547 1038 4607 in
1063 4546 1215 4626 capitulo.

543 4681 628 4749 370.
655 4685 703 4766 (II.
736 4686 829 4767 113⁰).
855 4687 916 4748 Die
940 4687 1053 4751 Martis
1079 4737 1105 4750 ..
1132 4709 1240 4750 vener.
1265 4689 1317 4750 dni
1345 4733 1372 4750 ..
1399 4699 1538 4764 atteut0,
1564 4689 1652 4771 quod
1678 4691 1759 4752 dnus
1782 4689 1919 4751 Iacobus
1943 4689 1985 4750 de

433 4791 553 4854 Grandi
578 4792 688 4855 luisset
713 4795 841 4854 occasio
866 4806 900 4857 et
924 4815 1057 4874 opernm
1082 4795 1240 4869 dedisset,
1265 4796 1352 4876 quod
1377 4795 1430 4856 dni
1456 4796 1593 4858 hlathIas
1618 4795 1850 4876 lardanowsky
1874 4807 1906 4858 et
1930 4795 1982 4855 alii

433 4900 601 4980 presbiteri
625 4909 657 4970 et
681 4901 785 4962 clerici
811 4911 884 4963 sunt
915 4902 944 4961 in
969 4901 1068 4963 domo
1100 4923 1156 4963 sua
1187 4903 1347 4964 verberati
1380 4915 1411 4965 et
1444 4905 1587 4982 percussi
1613 4915 1645 4966 et
1669 4903 1758 4985 quod
1783 4923 1865 4964 nuuc
1904 4901 1988 4963 mala

433 5007 523 5070 malls
546 5007 739 5088 adaugendo
763 5019 887 5071 secreta
905 5009 1036 5089 capituli
1062 5010 1127 5070 dno
1146 5012 1314 5090 preposito
1340 5007 1461 5071 Gnezn.
1481 5009 1568 5072 fratri
1586 5031 1645 5072 suo
1662 5009 1867 5090 prodidisset,
1892 5019 1989 5088 prout

433 5133 475 5176 ex
499 5115 605 5177 littera
628 5115 772 5177 eiusdem
796 5115 849 5177 dni
875 5117 1031 5197 prepositi
1056 5116 1120 5177 dno
1146 5117 1265 5180 hlathie
1292 5119 1491 5196 procuratori
1516 5118 1646 5198 capituli
1669 5119 1788 5197 scripta
1812 5127 1844 5178 et
1861 5135 1988 5195 presen-

432 5231 500 5283 tata
524 5222 742 5303 collegerunt,
767 5224 918 5304 quodque
942 5225 1023 5286 duos
1047 5223 1145 5286 laicos
1171 5225 1210 5286 de
1234 5223 1380 5294 Zawadi,
1414 5245 1496 5305 quos
1520 5226 1698 5288 excessisse
1730 5234 1842 5286 contra
1866 5222 1990 5302 capitu·

433 5329 498 5391 lum
523 5329 722 5402 invenerunt,
747 5351 818 5392 eum
844 5331 958 5393 ceteris
984 5332 1164 5410 puniendos
1183 5333 1338 5394 noluisset
1360 5332 1559 5411 produxisse,
1585 5343 1617 5394 et
1635 5332 1721 5412 quod
1739 5330 1880 5392 nobilem
1898 5329 1990 5392 Nico·

511 5508 663 5516 --—-·-.—--
680 5509 706 5516 -ι-

545 5629 561 5696 ¹)
582 5629 653 5676 Luka
673 5647 694 5675 w
715 5628 848 5694 rqlropiSie,
