4458 6356
936 603 1027 653 ANNI
1052 600 1130 656 14³0.
1801 617 1816 685 ς

418 825 420 828 ’
472 816 514 878 Α.
544 833 635 897 1430,
665 816 732 878 Iulii
754 833 785 898 4,
809 817 840 878 in
864 815 1006 898 capitulo
1031 815 1184 898 generali.

371 953 432 1022 19.
455 957 487 1040 (Ι.
513 957 578 1037 33).
618 958 683 1022 Dni
706 958 873 1041 Nowyecz
892 995 936 1005 -
959 957 1041 1021 Item
1065 959 1236 1022 memorati
1264 958 1319 1020 dni
1343 957 1457 1040 prelati
1481 967 1513 1020 et
1537 959 1682 1021 canonici
1715 958 1822 1021 decre·

261 1074 387 1138 verunt,
411 1064 498 1146 qudd
516 1069 742 1147 procuratores
764 1065 895 1148 capituli
911 1087 931 1128 a
946 1065 1060 1128 honor.
1080 1065 1146 1128 dno
1162 1065 1259 1130 Petro
1276 1065 1442 1147 Nowyeca
1465 1066 1624 1128 canonico
1647 1086 1707 1148 pro
1724 1086 1822 1147 expo

261 1172 331 1234 sitis
355 1181 388 1234 et
411 1175 545 1236 retentis
569 1174 601 1235 in
625 1173 786 1254 legalibus
810 1173 865 1235 dni
888 1173 991 1255 Regis
1014 1193 1127 1235 versus
1162 1171 1247 1235 Con
1261 1193 1314 1254 yn
1345 1173 1438 1235 lactis
1462 1173 1618 1254 recipiant
1648 1173 1821 1246 racionem,

262 1299 325 1360 qua
349 1289 481 1360 recepta
505 1279 706 1343 solucionem
730 1280 791 1343 sibi
814 1300 874 1361 pro
899 1280 1060 1360 expositis
1084 1280 1149 1342 suis
1173 1279 1291 1342 facient
1315 1279 1537 1343 sufficientem.

475 1489 519 1554 A.
550 1508 641 1570 1430,
661 1491 732 1572 Julii
756 1493 785 1570 6,
809 1493 842 1553 in
865 1490 1007 1572 capitulo
1031 1490 1183 1572 generali.

372 1628 434 1698 20.
460 1632 496 1714 (Ι.
524 1633 589 1714 34).
614 1633 695 1696 Item
723 1634 845 1696 ibidem
870 1633 1041 1696 memorati
1065 1634 1119 1695 dni
1142 1633 1257 1714 prelati
1274 1643 1306 1697 et
1322 1635 1467 1696 canonici
1491 1633 1711 1710 decreverunt,
1735 1634 1823 1716 quod

265 1750 498 1822 procuratores
522 1741 652 1822 capituli
676 1751 787 1804 emant
810 1741 1019 1803 medietatem
1049 1741 1156 1822 pericii
1180 1741 1258 1802 alias
1275 1740 1337 1822 pol
1355 1740 1449 1822 sluky
1472 1741 1503 1801 in
1527 1761 1637 1820 panno
1661 1761 1721 1821 pro
1748 1740 1824 1802 Rdo

264 1857 359 1928 patre
385 1846 451 1909 dno
474 1846 619 1909 iohanne
643 1847 718 1929 Epo
734 1847 918 1911 Cheimensi
943 1848 1058 1910 intuitu
1083 1849 1370 1929 promocionis
1394 1849 1668 1930 negociorum
1692 1845 1820 1909 eccle-

264 1955 325 2040 sie
348 1954 435 2036 apud
459 1954 558 2016 dnum
583 1954 709 2037 Regem
734 1954 838 2018 fiende
862 1955 903 2016 ad
926 1955 1089 2017 racionem
1114 1957 1323 2036 pecuniarum
1348 1975 1459 2018 mense
1483 1953 1624 2036 capituli.

472 2147 515 2210 A.
545 2163 637 2228 1430,
665 2148 734 2211 Iulii
764 2167 809 2224 11,
833 2151 864 2211 in
888 2149 1031 2231 capitulo
1055 2149 1207 2232 generali.

370 2283 432 2353 21.
457 2290 491 2370 (Ι.
518 2290 580 2368 34).
628 2289 773 2372 Legacio
799 2292 882 2373 mgri
906 2290 1153 2355 Strzeschkonis
1177 2311 1249 2353 cum
1274 2291 1340 2353 dno
1371 2288 1540 2372 Sluplrone
1559 2327 1603 2337 -
1621 2289 1684 2353 Die
1707 2289 1821 2353 Martis

269 2412 307 2459 10
331 2396 371 2477 (s)
399 2415 441 2459 m.
470 2396 570 2459 Iulii..
608 2417 717 2460 vener.
746 2408 779 2461 et
812 2396 924 2461 honor.
952 2399 1010 2461 viri
1038 2399 1127 2462 dni..
1164 2397 1280 2481 prelati
1311 2408 1344 2460 et
1376 2398 1522 2460 canonici
1552 2417 1661 2460 vener.
1694 2417 1821 2478 mgrum

264 2500 512 2564 Strzeszlronem
535 2513 568 2566 et
591 2502 793 2585 Slupkonem
810 2506 985 2568 canonicos
1002 2505 1095 2568 Pozn.
1113 2527 1225 2570 versus
1248 2499 1492 2568 Lanciciam
1519 2504 1560 2567 ad
1577 2504 1675 2567 dnum
1693 2504 1820 2586 Regem

264 2609 295 2670 in
319 2611 463 2691 negociis
486 2611 599 2691 oppidi
623 2610 839 2674 Walischewo
864 2623 897 2676 et
919 2613 1026 2675 balnei
1050 2613 1181 2694 capituli
1205 2614 1305 2676 ituros
1330 2613 1576 2694 deputaverunt,
1600 2611 1821 2684 decernentes

265 2716 353 2797 quod
377 2717 584 2781 medietatem
609 2719 641 2780 in
666 2720 809 2799 pecuniis
833 2721 873 2782 de
897 2740 1009 2783 mensa
1039 2721 1181 2806 capituli,
1217 2720 1425 2784 medietatem
1449 2741 1527 2784 vero
1558 2720 1599 2783 de
1622 2729 1821 2783 testamento

266 2823 320 2884 dni
350 2823 435 2887 Petri
459 2823 572 2886 decani
596 2825 673 2887 olim
696 2825 792 2889 Pozn.
818 2848 878 2908 pro
903 2829 1055 2908 expensis
1078 2827 1199 2890 habere
1222 2827 1398 2890 debebunt.

372 2944 433 3012 22.
457 2949 611 3032 (Ibidem).
656 2950 779 3013 ibidem
812 2953 982 3015 memorati
1005 2953 1059 3014 dni
1084 2953 1198 3034 prelati
1222 2963 1254 3017 et
1281 2953 1428 3014 canonici
1455 2973 1562 3016 vener.
1591 2955 1693 3014 virum
1722 2952 1822 3014 dnum

264 3053 420 3117 Mathiam
438 3055 529 3138 Drya
553 3057 710 3120 decanum
735 3057 872 3123 Poznan.
897 3059 1038 3122 infacto
1063 3060 1150 3142 opidi
1175 3061 1367 3124 Waliszewo
1393 3070 1425 3124 et
1448 3059 1555 3123 balnei
1578 3059 1619 3121 ad
1643 3059 1743 3121 dnum
1759 3058 1822 3121 Re·

265 3181 341 3244 gem
371 3183 484 3226 versus
515 3163 542 3227 C
552 3175 679 3228 osten
711 3165 827 3228 iturum
863 3167 1117 3248 deputaverunt,
1149 3168 1199 3229 cui
1234 3168 1314 3230 duas
1350 3187 1474 3230 marcas
1501 3187 1562 3248 pro
1586 3167 1740 3248 expensis
1764 3186 1823 3246 per

264 3281 493 3350 procuratores
517 3271 648 3352 capituli
672 3271 794 3335 dandas
818 3272 886 3335 fore
911 3273 1133 3338 decreverunt.

478 3483 521 3546 A.
551 3499 643 3561 1430,
668 3482 812 3566 Augusti
837 3502 865 3559 2,
890 3486 921 3546 in
946 3486 1099 3566 capitulo.

373 3620 434 3689 23.
460 3624 495 3706 (I.
522 3625 625 3706 34⁰)..
650 3624 769 3689 Vener.
792 3637 826 3689 et
849 3625 962 3690 honor.
988 3628 1046 3690 viri
1070 3627 1155 3691 dni..
1180 3627 1296 3708 prelati
1321 3637 1353 3689 et
1377 3627 1523 3689 canonici
1539 3627 1603 3689 vim
1621 3638 1654 3689 et
1671 3627 1822 3689 effectum

265 3730 457 3794 monicionis
481 3751 541 3811 pro
566 3742 658 3813 parte
681 3731 796 3795 honor.
821 3735 878 3795 viri
903 3733 957 3796 dni
977 3734 1115 3814 Janussii
1139 3736 1179 3797 de
1203 3732 1379 3796 Scholowo
1403 3733 1550 3795 canonici
1573 3731 1670 3796 Pozn.
1693 3743 1725 3794 et
1750 3753 1822 3794 con-

264 3847 316 3900 tra
340 3838 482 3900 nobilem
506 3837 677 3900 Abraham
701 3841 860 3902 seniorem
885 3843 980 3904 castri
1004 3841 1100 3905 Pozn.
1132 3862 1192 3922 pro
1215 3841 1432 3922 piscatoribus
1456 3850 1489 3903 et
1512 3840 1687 3902 eorundem
1712 3839 1824 3902 deten-

264 3944 361 4006 cione
384 3964 443 4026 per
465 3945 549 4008 dnos
577 3945 617 4008 de
641 3947 783 4030 capitulo
814 3947 941 4028 prolate
971 3948 1051 4010 infra
1082 3948 1156 4010 hinc
1180 3957 1213 4022 et
1237 3947 1416 4010 secundum
1447 3947 1502 4008 dni
1531 3947 1690 4028 capitanei
1721 3945 1820 4010 Pozn.

263 4051 460 4115 Poznaniam
485 4053 666 4134 ingressum
690 4053 733 4115 ob
758 4075 849 4136 spem
874 4055 1050 4118 amicabilis
1082 4057 1255 4118 concordie
1279 4055 1339 4118 sub
1363 4055 1556 4117 reduccione
1580 4055 1722 4134 priorum
1746 4075 1822 4134 pro-

263 4179 416 4222 cessuum
440 4159 688 4241 suspenderunt,
713 4161 828 4242 quibus
851 4163 1059 4244 processibus
1082 4162 1187 4225 dictus
1211 4161 1380 4225 Abraham
1404 4183 1440 4225 se
1464 4145 1583 4243 sponte
1606 4160 1762 4224 submisit.

480 4373 522 4436 Α.
552 4393 644 4455 1430,
668 4374 870 4456 Septembris
899 4394 923 4452 1,
947 4377 979 4437 in
1004 4377 1156 4458 capitulo.

374 4512 434 4582 24.
458 4516 493 4598 (Ι.
519 4517 623 4598 35⁰)..
648 4517 768 4582 Vener.
794 4529 827 4581 et
851 4519 964 4580 honor.
988 4518 1047 4580 viri
1070 4519 1160 4583 dni..
1191 4517 1372 4601 prelati-et
1402 4515 1549 4579 canonici
1580 4535 1687 4578 vener.
1717 4515 1820 4576 virum

263 4622 365 4685 dnum
399 4622 575 4686 Hectorem
612 4627 815 4706 prepositum
851 4623 1120 4688 Gluschinensem
1151 4625 1192 4687 ad
1224 4626 1323 4687 dnum
1355 4624 1482 4705 Regem
1518 4641 1630 4685 versus
1665 4632 1820 4684 terram

262 4729 663 4794 Sandomiriensem
688 4733 718 4794 in
743 4733 836 4794 lactis
861 4733 996 4794 ecclesie
1020 4743 1053 4795 et
1068 4733 1209 4812 ,capituli
1233 4734 1350 4795 iturum
1375 4733 1621 4812 deputaverunt,
1646 4729 1822 4790 decernen-

261 4847 326 4911 tes
351 4838 439 4918 quod
464 4839 599 4917 pecunie
624 4839 664 4900 de
688 4859 800 4900 mensa
824 4839 955 4918 capituli
979 4859 1039 4919 pro
1064 4841 1217 4921 expensis
1241 4841 1270 4900 in
1297 4849 1385 4901 certa
1408 4857 1534 4901 summa
1558 4837 1626 4898 dari
1642 4835 1772 4898 debent.

375 4957 436 5025 25.
461 4960 567 5042 (lbid.)
591 4962 673 5025 Item
696 4963 815 5026 ibidem
840 4983 948 5026 vener.
974 4964 1057 5026 dnus
1079 4963 1216 5027 llathias
1241 4963 1417 5044 Cordebog
1433 4961 1577 5024 officialis
1601 4961 1721 5031 retulit,
1746 4980 1821 5040 quo·

261 5067 368 5132 modo
392 5067 513 5130 domini
536 5069 576 5132 de
600 5070 743 5151 capitulo
774 5069 888 5132 honor.
919 5070 985 5132 dno
1017 5070 1132 5132 Divide
1165 5071 1291 5132 notario
1323 5071 1377 5132 dni
1409 5069 1511 5151 Regis
1547 5088 1643 5130 unam
1680 5087 1820 5130 marcam

261 5175 383 5238 intuitu
405 5175 603 5239 honorancie
627 5188 660 5240 et
685 5178 905 5258 promocionis
929 5177 1064 5240 ecclesie
1087 5179 1297 5260 negociorum
1328 5177 1468 5240 dandam
1492 5177 1560 5239 fore
1583 5196 1641 5257 per
1670 5194 1743 5236 eum
1767 5173 1822 5236 de-

261 5292 447 5358 creverunt,
472 5304 568 5364 quam
593 5285 697 5347 eidem
721 5305 756 5348 se
780 5285 820 5347 de
842 5284 929 5348 facto
954 5285 1035 5349 dixit
1059 5286 1195 5348 dedisse.

375 5403 670 5490 26.(1bid.)1tem
694 5430 800 5473 vener.
828 5411 897 5472 viro
929 5411 995 5472 dno
1018 5410 1140 5474 Mathie
1171 5411 1263 5493 Drya
1297 5409 1422 5473 decano
1457 5408 1553 5471 Pozn.
1585 5408 1665 5471 duas
1696 5426 1821 5469 marcas

260 5533 382 5579 versus
405 5513 566 5580 Costan
589 5519 621 5579 in
645 5519 790 5600 negociis
815 5518 951 5582 ecclesie
974 5529 1007 5583 et
1031 5519 1163 5600 capituli
1186 5520 1270 5582 ituro
1295 5537 1338 5580 ex
1361 5517 1493 5580 decreto
1517 5535 1629 5579 eorum
1646 5514 1822 5595 deputave-

260 5631 344 5688 runt
366 5620 435 5686 lore
458 5622 592 5690 dandas
