4390 6368
444 565 502 628 182
944 561 1037 611 ACTA
1056 560 1222 611 CAPITULI
1242 559 1499 612 PozuamaNsIs

441 655 529 662 ——-.
533 655 749 662 ——----—-——
770 655 979 661 ——-—--
986 653 1165 662 .—..---—.=-—

653 775 694 837 A.
725 790 823 866 15104,
848 773 1044 838 Novembris
1069 789 1120 854 27,
1143 775 1174 836 in
1199 773 1343 853 capitulo
1367 773 1520 856 generali.

546 913 632 982 963.
667 917 733 998 (VI.
763 917 861 997 ¹¹5⁰)·
898 915 1022 978 Ibidem
1055 917 1109 980 dni
1141 917 1378 996 deputaverunt
1409 914 1494 977 dnos
1525 913 1768 996 Sigismundum
1792 925 1827 976 et
1851 911 1995 994 Olesslry

437 1025 613 1086 canonicos
636 1025 677 1087 ad
701 1025 895 1088 audiendum
919 1025 1081 1087 racionem
1105 1023 1205 1088 dnum
1237 1023 1407 1087 Nicolaum
1439 1021 1572 1086 Goosdz
1603 1022 1829 1085 fabricatorem
1860 1021 1995 1084 ecclesie

437 1129 577 1194 Poznan.
601 1132 642 1193 de
662 1131 821 1212 expositis
845 1152 903 1213 per
926 1151 999 1194 eum
1022 1132 1064 1194 ad
1089 1131 1354 1194 reformationem
1385 1131 1463 1193 tecti
1488 1131 1588 1212 ipsius
1612 1128 1749 1192 ecclesie
1782 1150 1840 1210 per
1870 1131 1992 1193 tonitru

438 1237 469 1299 in
494 1238 602 1320 vigilia
626 1259 651 1301 s.
678 1238 764 1302 Petri
787 1251 820 1301 et
845 1238 931 1300 Pauli
956 1249 1053 1300 nocte
1076 1239 1226 1302 concussi
1257 1248 1290 1300 et
1314 1238 1434 1300 incensi
1459 1258 1497 1299 ac
1522 1237 1661 1300 fenestre
1685 1237 1814 1300 maioris
1837 1235 1993 1299 facturam

438 1346 582 1425 pecuniis
607 1344 726 1408 fabrice
750 1357 816 1408 tam
841 1365 858 1406 a
884 1345 971 1406 Rmo
994 1346 1059 1407 dno
1081 1344 1155 1427 Epo
1180 1365 1277 1426 quam
1302 1365 1411 1406 vener.
1435 1345 1579 1426 capitulo
1604 1345 1776 1426 perceptis.

651 1563 694 1626 A.
726 1579 823 1644 1504,
847 1565 1039 1628 Decembris
1068 1583 1122 1638 10,
1147 1565 1179 1628 in
1202 1563 1346 1646 capitulo
1370 1564 1521 1647 generali

543 1727 632 1796 964.
669 1732 737 1814 (VI.
769 1734 865 1812 116⁰).
902 1733 1045 1796 Donatio
1080 1733 1275 1796 decimarum
1312 1732 1506 1795 silvanarum
1543 1731 1573 1794 in
1609 1731 1757 1795 Mazovia
1792 1751 1850 1814 per
1873 1729 1992 1792 Rmum

436 1837 544 1920 Epum
568 1838 746 1902 Iohannem
769 1840 810 1902 de
834 1841 1022 1903 Lubranecz
1047 1862 1107 1923 pro
1128 1840 1266 1922 panibus
1291 1860 1365 1902 cum
1390 1839 1591 1921 obligatione
1614 1849 1712 1902 certa.
1740 1875 1782 1884 -
1806 1838 1889 1901 Item
1905 1858 1992 1900 anno

436 1965 501 2026 quo
525 1966 623 2026 supra
647 1995 674 2010 ..
700 1949 730 2008 in
755 1948 840 2009 curia
864 1947 939 2008 Rmi
964 1996 990 2009 ..
1014 1948 1068 2010 dni
1093 1947 1245 2010 Iohannis
1270 1947 1301 2010 d.
1328 1967 1358 2028 g.
1383 1945 1444 2028 Epi
1468 1945 1608 2010 Poznan.
1634 1992 1662 2007 ..
1685 1966 1793 2009 vener.
1825 1944 1898 2008 dnis
1922 1965 1990 2026 pre-

437 2051 510 2114 latis
534 2065 567 2116 ct
591 2055 755 2116 canonicis
779 2102 806 2116 ..
831 2055 1009 2136 capitulum
1045 2055 1196 2136 generale
1233 2053 1450 2134 profestos.
1478 2053 1606 2116 Martini
1642 2052 1804 2134 pontificis
1839 2053 1993 2115 celebrari

436 2159 617 2223 institutum
642 2173 674 2224 et
698 2163 799 2224 teneri
824 2162 953 2225 solitum
978 2163 1240 2225 continuantibus
1264 2161 1461 2223 constitutus
1486 2161 1698 2240 personaliter
1728 2159 1833 2222 Rmus
1857 2207 1885 2222 ..
1909 2160 1992 2221 dnus

435 2264 597 2330 Iohannes
622 2268 662 2330 de
686 2267 876 2332 Ludbrancz
899 2269 930 2332 d.
957 2290 988 2351 g.
1015 2269 1105 2350 Epus
1136 2269 1274 2332 Poznan.
1298 2269 1472 2332 attendens
1507 2267 1627 2332 fructus
1661 2288 1772 2332 mense
1807 2267 1991 2348 capitularis

435 2372 477 2435 ad
500 2374 743 2440 distributiones
778 2395 898 2458 panum
922 2397 960 2440 ac
983 2377 1104 2439 denarii
1139 2377 1242 2440 diurni
1267 2396 1325 2458 per
1348 2377 1422 2438 anni
1447 2376 1599 2438 circulum
1624 2395 1689 2438 non
1714 2374 1861 2438 sufficere
1884 2384 1918 2438 et
1941 2395 1992 2436 cu·

437 2483 528 2560 piens
552 2502 612 2562 pro
635 2495 813 2565 augmento
851 2482 958 2546 cultus
993 2484 1089 2546 divini
1125 2484 1257 2547 eosdem
1294 2483 1436 2564 prelatos
1460 2495 1494 2546 et
1518 2485 1695 2546 canonicos
1718 2483 1759 2544 ad
1783 2482 1988 2544 residentiam

435 2587 563 2650 allicere
588 2609 625 2651 ac
649 2611 707 2652 eos
731 2613 788 2654 sua
812 2589 1031 2654 munificentia
1067 2591 1203 2654 ecclesie
1228 2603 1260 2654 et
1285 2591 1345 2652 sibi
1370 2591 1532 2653 devIncire
1564 2591 1685 2653 eisdem
1710 2590 1781 2653 dnis
1806 2589 1936 2670 prelatis
1960 2599 1993 2651 et

436 2696 599 2759 canonicis
624 2719 679 2760 seu
703 2699 845 2780 capitulo
869 2709 902 2762 et
926 2719 1038 2762 mense
1063 2719 1174 2761 eorum
1199 2699 1362 2760 communi
1386 2697 1527 2760 decimas
1551 2698 1592 2761 de
1616 2718 1701 2760 nova
1725 2697 1832 2760 radice
1856 2699 1993 2776 extirpa-

435 2811 487 2865 tas
511 2806 542 2864 in
566 2805 683 2867 ducatu
716 2807 862 2870 Mazovie
895 2809 955 2870 sub
981 2807 1134 2889 parochia
1157 2806 1335 2887 Visnyewa
1359 2817 1391 2868 et
1416 2805 1507 2867 clave
1530 2803 1854 2886 Wroczyscheviensi
1878 2803 1994 2866 consti·

437 2919 524 2973 tutas
550 2912 715 2976 videlicet:
733 2913 946 2996 Wysnyewa,
966 2915 1163 2986 Mlanczino,
1188 2912 1313 2986 Turek,
1338 2911 1532 2993 Camyonlra
1556 2923 1588 2976 et
1612 2912 1747 2984 Rudno,
1772 2911 1990 2992 Rudzyenska

437 3015 557 3097 Wolya
581 3029 614 3080 et
638 3017 832 3100 Okunyewa
856 3021 974 3102 Volya,
1001 3041 1061 3102 pro
1096 3019 1326 3083 refectionibus
1361 3039 1418 3082 seu
1454 3019 1734 3082 distributionibus
1768 3017 1988 3100 quottidianis,

436 3143 499 3204 que
523 3125 554 3186 in
578 3129 715 3206 pecunia
750 3127 815 3189 fieri
850 3129 971 3200 solent,
1007 3147 1132 3190 necnon
1169 3127 1248 3188 duas
1283 3126 1374 3190 villas
1408 3126 1558 3190 videlicet
1593 3125 1784 3207 Branczyno
1816 3127 1847 3187 in
1871 3125 1991 3187 diocesi

437 3229 620 3295 Gneznensi
644 3255 681 3296 ac
705 3234 850 3298 districtu
876 3235 1099 3316 Calyschiensi
1122 3245 1155 3297 et
1180 3233 1299 3297 Cazom
1325 3236 1356 3295 in
1380 3233 1500 3295 diocesi
1519 3233 1777 3296 Wladislaviensi
1793 3243 1827 3296 et
1844 3233 1991 3295 districtu

436 3337 618 3402 Brzestensi
642 3342 721 3404 sitas
744 3361 782 3404 ac
805 3352 933 3406 centum
959 3363 1141 3424 sexagenas
1166 3363 1226 3424 pro
1242 3344 1407 3424 emptione
1432 3355 1545 3422 quarte
1570 3343 1670 3422 partis
1694 3339 1870 3402 molendini
1894 3358 1991 3420 eque-

436 3447 509 3508 stris
533 3447 564 3509 in
588 3448 712 3528 oppido
735 3469 794 3511 suo
819 3449 946 3512 Dolsko
971 3452 1129 3520 extantis,
1155 3471 1250 3531 quam
1275 3449 1316 3512 ab
1341 3449 1521 3511 honorabili
1539 3449 1607 3510 viro
1624 3449 1690 3510 dno
1706 3447 1825 3510 Iacobo
1849 3447 1891 3508 de
1914 3444 1991 3508 Can-

435 3551 560 3615 schicze
585 3553 698 3634 prefati
723 3555 776 3617 dni
799 3578 860 3638 pro
883 3577 996 3620 mensa
1019 3577 1077 3620 sua
1100 3556 1266 3638 capitulari
1291 3565 1440 3618 emerunt
1464 3565 1497 3616 et
1521 3563 1792 3636 comparaverunt
1817 3575 1876 3635 pro
1893 3553 1992 3615 distri·

436 3659 570 3723 butione
596 3662 732 3741 panum,
769 3685 850 3746 quos
874 3665 979 3728 bullas
1016 3665 1199 3746 wulgariter
1236 3675 1371 3736 vocant,
1408 3665 1448 3726 de
1471 3664 1579 3743 gracia
1612 3663 1745 3744 speciali
1769 3671 1802 3724 et
1826 3680 1915 3722 mera
1934 3679 1991 3722 sua

436 3767 628 3832 liberalitate
653 3789 724 3831 cum
749 3772 838 3833 omni
861 3773 943 3846 iure,
976 3773 1119 3834 dominio
1144 3783 1177 3834 et
1201 3773 1401 3853 proprietate
1425 3771 1530 3844 dedit,
1564 3771 1698 3834 donavit
1721 3769 1898 3832 donatione
1920 3787 1991 3847 per-

436 3885 533 3955 petua
558 3888 591 3938 et
614 3877 823 3950 irrevocabili,
848 3879 1023 3962 voluitque,
1048 3891 1082 3942 ut
1106 3881 1259 3961 deinceps
1284 3891 1317 3942 et
1342 3881 1472 3942 inantea
1495 3881 1578 3941 inter
1602 3877 1745 3958 prelatos
1769 3885 1801 3938 et
1818 3875 1990 3937 canonicos

437 3983 633 4058 residentes,
681 3995 850 4066 presentes
899 3997 932 4049 et
968 3989 1196 4050 interessentes
1246 3987 1372 4060 divinis,
1407 3985 1541 4067 singulis
1590 3985 1704 4048 diebus
1753 3983 1993 4046 distributiones

436 4090 637 4170 quottidiane
662 4093 692 4153 in
717 4095 852 4173 pecunia
877 4094 1067 4157 dividandur
1090 4115 1128 4157 ac
1152 4093 1357 4176 singulariter
1381 4093 1515 4176 singulis
1540 4091 1653 4154 diebus
1678 4091 1759 4153 duos
1776 4107 1892 4171 panes,
1917 4109 1992 4170 quo·

435 4215 505 4257 rum
530 4197 664 4278 quilibet
689 4200 828 4262 medium
854 4221 1004 4282 grossum
1028 4201 1151 4270 valeat,
1177 4202 1423 4272 distribuantur,
1450 4203 1493 4264 ita
1518 4211 1644 4271 tamen,
1680 4208 1714 4261 ut
1738 4197 1855 4278 singuli
1878 4196 1991 4278 prefati

435 4311 468 4364 et
492 4305 637 4366 canonici
661 4304 702 4367 de
726 4307 871 4387 quolibet
895 4308 1021 4369 illorum
1047 4329 1165 4390 panum
1191 4311 1327 4390 primam
1351 4310 1521 4371 incisuram
1543 4327 1599 4368 seu
1617 4307 1756 4387 primum
1781 4303 1916 4367 frustum
1940 4302 1991 4364 vel

434 4411 617 4490 portionem
642 4411 721 4474 alias
745 4413 903 4494 partiaco
927 4417 959 4475 in
984 4417 1160 4478 remedium
1185 4427 1392 4496 peccatorum
1416 4435 1455 4478 ac
1480 4415 1593 4477 salutis
1616 4413 1722 4474 anime
1739 4411 1854 4492 prefati
1879 4409 1990 4472 Rmi..

434 4516 486 4578 dni
510 4516 662 4580 Iohannis
685 4519 747 4599 Epi
771 4521 864 4583 alicui
888 4523 1020 4602 pauperi
1056 4523 1266 4584 elemosinam
1303 4523 1426 4604 petenti
1451 4521 1511 4586 sub
1535 4521 1737 4582 consciencia
1773 4518 1850 4580 dare
1875 4529 1908 4582 et
1932 4529 1989 4580 tra·

433 4623 510 4685 dere
534 4633 714 4690 teneantur.
738 4625 836 4708 Quod
860 4630 886 4692 si
912 4628 995 4692 forte
1018 4629 1132 4710 aliquis
1156 4631 1354 4711 prelatorum
1380 4629 1431 4691 vel
1451 4627 1680 4690 canonicorum
1697 4644 1795 4688 unum
1812 4635 1869 4687 aut
1885 4625 1990 4704 plures

433 4729 630 4810 prefatorum
664 4755 784 4815 panum
819 4736 911 4799 alicui
934 4738 1039 4798 amico
1072 4737 1196 4818 integre
1221 4738 1342 4800 donare
1365 4736 1509 4810 voluerit,
1534 4736 1574 4798 de
1590 4735 1653 4797 alio
1678 4743 1734 4797 aut
1757 4733 1827 4795 aliis
1851 4731 1986 4813 panibus

433 4839 565 4902 easdem
590 4841 743 4904 incisuras
767 4862 823 4904 seu
849 4843 943 4905 bolos
967 4843 1019 4906 vel
1043 4845 1214 4924 porciones
1238 4864 1374 4925 erogare
1397 4844 1438 4906 sit
1461 4844 1621 4906 astrictus.
1666 4841 1709 4903 Et
1734 4839 1853 4902 ibidem
1877 4837 1988 4920 prefati

432 4947 488 5009 dni
511 4948 626 5030 prelati
649 4957 682 5010 et
706 4950 851 5011 canonici
875 4949 1073 5012 donaciones
1097 4949 1280 5012 huiusmodi
1305 4961 1392 5012 ratas
1416 4961 1450 5012 et
1474 4960 1585 5032 gratas
1608 4947 1767 5011 habentes
1790 4947 1833 5008 ad
1849 4946 1988 5008 dandum

433 5065 467 5116 et
490 5056 700 5136 prestandum
736 5056 878 5137 prefatas
903 5058 1057 5120 incisuras
1082 5077 1139 5119 seu
1164 5058 1262 5120 frusta
1296 5059 1493 5139 pauperibus
1524 5058 1711 5118 iuraverunt
1735 5075 1772 5117 ac
1796 5075 1833 5118 se
1857 5065 1891 5117 et
1914 5073 1987 5116 suos

433 5183 637 5226 successores
661 5163 889 5245 obligaverunt
912 5174 944 5226 et
968 5165 1117 5245 obligant
1141 5185 1199 5245 per
1223 5175 1406 5245 presentes;
1431 5165 1646 5226 decernentes
1663 5164 1780 5234 eciam,
1805 5173 1841 5224 ut
1858 5161 1990 5244 siugulis

433 5271 525 5332 annis
549 5291 608 5350 pro
633 5271 776 5351 capitulo
800 5292 824 5332 s.
848 5271 977 5334 Martini
1009 5273 1160 5353 generale
1196 5293 1330 5352 presens
1355 5283 1463 5351 actuS,
1500 5271 1688 5334 constitutio
1712 5279 1745 5332 et
1769 5279 1928 5332 statutum
1950 5267 1990 5329 Ie-

434 5389 530 5458 gatur
552 5377 735 5458 specialiter
758 5387 791 5440 et
815 5397 986 5459 expresse,
1012 5389 1044 5440 et
1069 5389 1103 5440 ut
1127 5379 1168 5442 de
1193 5399 1279 5440 novo
1305 5379 1462 5441 intrantes
1487 5379 1591 5440 iurent
1615 5377 1677 5439 hoc
1700 5395 1830 5438 servare
1854 5376 1895 5438 de
1920 5373 1989 5436 inci·

433 5504 508 5546 sura
531 5505 588 5548 seu
614 5486 768 5567 porcione
792 5483 933 5566 prefata,
969 5487 1051 5548 sicut
1075 5486 1115 5547 de
1139 5495 1263 5549 statuto
1287 5486 1362 5547 anni
1386 5487 1494 5569 gracie
1517 5484 1678 5548 servando
1701 5493 1733 5545 et
1757 5483 1901 5546 tenendo
1924 5501 1989 5544 cor·

434 5592 545 5677 porale
569 5601 715 5676 prestent
738 5593 962 5658 iuramentum.

2145 931 2147 1016 l
