4390 6368
901 577 992 636 num
1013 575 1083 640 1512
1715 596 1774 653 201

218 797 398 862 Stanislaus
414 799 455 861 de
472 799 632 862 Strzelcze
657 800 776 864 doctor
801 800 915 882 prelati
933 812 965 864 et
982 803 1128 864 canonici
1143 802 1418 880 ..deputaverunt
1442 823 1551 865 vener.
1575 802 1658 865 dnos
1682 801 1780 884 Sigis-

219 906 374 968 mundum
398 907 439 969 de
463 905 693 989 Camyenyecz
720 919 753 970 et
779 908 949 970 Nicolaum
973 907 1069 972 Suski
1105 911 1280 972 canonicos
1312 909 1451 970 Poznau.
1477 910 1518 970 ad
1543 909 1776 972 numerandum

220 1014 372 1092 pecunias
397 1014 551 1076 iubilei
576 1026 609 1077 et
633 1015 764 1077 easdem
802 1016 918 1077 nuncio
952 1017 1042 1096 regio
1074 1016 1327 1089 extradendum,
1364 1017 1420 1096 qui
1443 1015 1575 1077 tandem
1612 1026 1779 1078 numerata

218 1119 289 1200 ipsa
312 1123 447 1200 pecunia
470 1122 704 1183 commiserunt
728 1131 761 1184 et
787 1122 1022 1184 mandaverunt
1046 1142 1184 1184 unacum
1209 1122 1274 1184 dno
1299 1121 1425 1184 officiali
1450 1121 1593 1184 Iohanne
1617 1124 1658 1184 de
1682 1120 1779 1196 Gora,

219 1225 446 1288 archidiacono
481 1227 620 1290 Poznan.
646 1229 869 1290 commissario
894 1229 1008 1298 iubilei,
1043 1227 1164 1290 ibidem
1188 1230 1219 1289 in
1244 1228 1343 1290 domo
1367 1249 1424 1290 sua
1449 1240 1610 1310 presente,
1649 1229 1775 1293 litteras

218 1333 498 1414 significatoriales
533 1333 659 1397 famoso
684 1336 749 1398 dno
776 1335 913 1398 Nicolao
946 1334 1105 1416 Scharley
1139 1336 1287 1398 servitori
1322 1336 1414 1416 regio
1449 1356 1508 1415 per
1543 1355 1594 1398 me
1618 1341 1779 1400 notarium

219 1439 407 1504 scribendas
431 1452 464 1504 et
487 1441 627 1514 dandaS,
663 1463 745 1524 quas
769 1443 902 1506 tandem
934 1443 989 1505 dni
1024 1443 1140 1523 prefati
1176 1443 1291 1524 prelati
1315 1453 1348 1504 et
1372 1444 1520 1504 canonici
1557 1464 1599 1506 ex
1622 1445 1780 1508 relatione

218 1568 276 1627 per
299 1549 389 1628 ipsos
414 1550 496 1612 dnos
520 1549 695 1630 deputatos
720 1551 805 1614 lacta
829 1551 902 1614 huic
927 1554 1093 1616 metricule
1119 1555 1215 1615 inseri
1239 1561 1273 1615 et
1297 1553 1395 1614 scribi
1419 1553 1668 1630 mandaverunt,
1701 1573 1779 1634 quo-

218 1674 287 1716 rum
312 1665 406 1718 tenor
430 1659 574 1739 sequitur
607 1659 638 1720 in
662 1658 747 1721 hunc
784 1659 933 1721 modum:
974 1658 1178 1740 >Capitulum
1212 1659 1348 1722 ecclesie
1386 1659 1524 1722 l’oznan.
1559 1659 1779 1741 significamus

219 1769 332 1823 tenore
356 1765 554 1843 presentium
579 1774 612 1826 et
637 1767 919 1847 recognoscimus,
943 1767 1017 1848 quia
1041 1766 1184 1830 famosus
1201 1767 1283 1829 dnus
1301 1767 1454 1830 Nicolaus
1470 1766 1626 1848 Scharley
1644 1769 1781 1829 servitor

219 1866 258 1928 R.
282 1868 359 1931 Mtis
384 1870 424 1931 de
449 1873 592 1950 pecuniis
618 1871 723 1934 iubilei
748 1893 790 1935 ex
813 1873 894 1936 cista
918 1875 950 1934 in
974 1873 1110 1936 ecclesia
1134 1873 1277 1936 cathedr.
1304 1873 1441 1936 Poznau.
1458 1874 1501 1935 ob
1524 1874 1556 1935 id
1581 1875 1731 1952 exposita
1748 1883 1780 1936 et

219 1975 325 2037 locata
349 1977 390 2038 de
415 1978 563 2040 manibus
587 1979 723 2041 dnorum
748 1981 1043 2044 commissariorum
1066 1980 1108 2042 ad
1132 1981 1163 2042 id
1188 1981 1417 2061 deputatorum
1443 1983 1565 2061 recepit
1591 1981 1780 2042 manualiter

219 2091 251 2145 et
275 2082 393 2146 levavit
420 2083 619 2148 CCXXVlIl
645 2086 711 2148 flor.
737 2086 882 2167 Hungar.
908 2089 938 2148 in
963 2108 1042 2149 auro
1067 2085 1177 2150 CXIV
1202 2107 1326 2150 marcas
1350 2108 1423 2150 cum
1449 2087 1510 2149 Xll
1534 2108 1580 2168 gr.
1598 2089 1628 2149 in
1647 2097 1778 2149 moneta

218 2199 251 2251 et
275 2210 410 2253 numero
434 2191 672 2254 Polonicalibus
696 2191 727 2255 S.
752 2193 791 2256 R.
816 2194 876 2256 Mti
900 2195 1098 2273 portandum
1123 2205 1156 2257 et
1180 2193 1381 2257 offerendum
1417 2205 1450 2256 et
1474 2195 1521 2256 IX
1544 2194 1701 2256 coclearia
1732 2215 1779 2255 ar-

220 2307 347 2376 gentea,
372 2317 436 2378 que
461 2319 568 2361 vener.
595 2300 660 2360 dno
686 2299 818 2362 Iohanni
843 2301 883 2362 de
906 2299 996 2362 Gora
1026 2300 1253 2364 archidiacono
1289 2303 1473 2382 vicarioque
1497 2302 1528 2362 in
1553 2299 1778 2381 Spiritualibus

220 2413 253 2464 et
269 2402 397 2465 officiali
422 2404 560 2466 Poznau.
584 2425 695 2488 gener.
721 2406 761 2468 de
786 2407 940 2469 mandato
965 2408 1107 2470 eiusdem
1132 2406 1163 2471 S.
1188 2408 1228 2471 R.
1253 2409 1330 2471 Mtis
1346 2407 1480 2471 donavit
1504 2418 1537 2470 et
1561 2409 1665 2481 dedit,
1689 2407 1778 2489 quod

219 2511 422 2588 presentibus
447 2511 586 2574 fatemur
610 2523 643 2575 et
667 2514 898 2576 innotescimus
922 2515 1085 2584 omnibus,
1122 2535 1259 2596 quorum
1286 2515 1431 2578 interest.
1465 2514 1586 2576 Datum
1612 2514 1777 2594 ¹Poznanie

219 2615 396 2696 penultima
421 2617 528 2681 Martii
550 2639 601 2681 an.
626 2619 691 2682 Dni
721 2633 831 2699 1512<

433 2829 476 2890 A.
507 2843 605 2909 1512,
629 2830 697 2892 Iulii
721 2846 751 2910 7,
776 2833 807 2892 in
832 2831 974 2912 capitulo
998 2831 1151 2914 generali.

331 2965 440 3034 1040.
472 2969 554 3052 (VII.
586 2971 681 3052 133⁰).
719 2973 840 3035 Ibidem
865 2974 980 3053 prelati
1013 2975 1065 3036 dni
1090 2975 1328 3054 deputaverunt
1352 2984 1385 3037 et
1408 2976 1646 3037 constituerunt
1668 2995 1776 3037 vener.

219 3074 302 3138 dnos
337 3075 515 3138 Iohannem
552 3077 592 3139 de
627 3075 716 3140 Gora
749 3079 1009 3142 archidiaconum
1046 3091 1079 3143 et
1116 3080 1283 3142 Andream
1316 3082 1357 3144 de
1382 3081 1518 3162 Czyesle
1552 3082 1778 3143 cancellarium

219 3181 357 3244 Poznan.
383 3195 549 3264 presentes
573 3195 606 3246 et
629 3187 872 3249 consentientes
909 3189 1010 3250 ituros
1047 3189 1176 3249 nomine
1212 3191 1312 3251 totius
1337 3189 1468 3268 capituli
1505 3189 1545 3250 ad
1582 3190 1778 3250 sinodum

219 3290 530 3367 provincialem
556 3291 585 3351 in
611 3291 818 3354 Lancicia
841 3313 902 3373 pro
926 3293 1010 3356 festo
1035 3315 1059 3356 s
1077 3294 1243 3357 Laurentii
1261 3295 1489 3357 celebrandam
1506 3295 1547 3357 ad
1565 3297 1777 3368 tractandum,

217 3394 467 3472 consulendum,
500 3399 755 3473 terminandum,
790 3401 1049 3463 concludendum
1074 3412 1106 3464 et
1129 3413 1238 3464 cetera
1270 3403 1332 3464 alia
1355 3403 1462 3464 omnia
1486 3403 1608 3465 eisdem
1633 3405 1778 3464 commit·

217 3502 315 3564 tenda
340 3503 534 3577 laciendum,
571 3505 687 3586 quibus
711 3506 847 3588 singulis
883 3527 996 3569 eorum
1021 3529 1080 3587 per
1103 3507 1151 3569 VI
1185 3529 1309 3570 marcas
1346 3509 1434 3571 iuxta
1458 3519 1615 3572 statutum
1641 3529 1700 3589 pro
1724 3530 1778 3570 cx·

218 3609 328 3689 pensis
351 3609 427 3672 dare
451 3611 586 3690 polliciti
609 3623 697 3691 sunt;
721 3613 984 3692 presentibus..

432 3821 473 3885 A.
503 3837 601 3902 1512,
621 3823 764 3906 Augusti
790 3841 825 3900 2,
848 3826 880 3886 in
904 3825 1060 3906 capitulo.

331 3959 438 4028 1041.
463 3963 549 4045 (Vll.
579 3965 673 4047 138).
691 4015 697 4028 .
721 3965 840 4029 Vener.
866 3967 962 4029 dni..
988 3968 1102 4046 prelati
1126 3979 1158 4030 et
1183 3969 1374 4030 canonici..
1400 3967 1678 4049 deputaverunt..
1695 3969 1778 4031 dnos

218 4067 387 4131 Andream
423 4069 650 4151 Czyesyelsky
687 4073 911 4135 cancellarium
942 4085 975 4136 et
998 4073 1238 4155 Sigismundum
1265 4077 1305 4137 de
1329 4074 1561 4157 Camycnyccz
1586 4077 1776 4137 canonicum

218 4175 502 4241 Poznanienses..
528 4179 629 4241 ituros
654 4181 783 4241 nomine
808 4183 908 4244 totius
932 4182 1064 4262 capituli
1099 4182 1140 4244 ad
1176 4184 1373 4245 sinodum
1409 4184 1721 4263 provincialem
1745 4184 1776 4244 in

218 4283 418 4346 Lancicia
453 4305 513 4365 pro
538 4287 589 4348 die
613 4288 645 4347 in
671 4289 812 4349 crastino
845 4309 871 4350 s.
896 4289 1061 4352 laurentii
1094 4290 1394 4354 celebrandam
1421 4289 1546 4351 Ibidem
1582 4289 1698 4369 prefati
1722 4290 1777 4351 dni

218 4390 364 4470 prelatos
387 4413 495 4455 vener.
521 4393 604 4455 dnos
629 4393 797 4456 Andream
822 4395 1047 4478 Czyesyelsky
1072 4407 1104 4459 et
1128 4397 1369 4478 Sigismundum
1386 4397 1426 4458 ad
1444 4397 1607 4478 agendum
1632 4397 1664 4457 in
1681 4417 1779 4458 causa

219 4497 345 4560 decime
380 4499 411 4560 in
436 4499 657 4581 Czyechomin
688 4511 801 4564 contra
837 4503 935 4564 dnum
970 4503 1078 4583 Epum
1115 4502 1205 4567 Crac.
1230 4515 1262 4566 et
1286 4523 1378 4566 suum
1411 4502 1585 4583 capitulum
1611 4504 1640 4564 in
1665 4503 1780 4565 sinodo

219 4605 407 4684 provinciali
443 4627 502 4687 pro
537 4605 614 4692 [die]
647 4629 672 4670 s.
704 4609 869 4672 Laurentii
904 4613 1054 4690 proxima
1090 4612 1122 4673 in
1156 4622 1384 4694 procuratores
1420 4620 1452 4673 et
1488 4610 1628 4672 sindicos
1662 4611 1779 4672 consti·

219 4719 350 4774 tuerunt
369 4760 400 4775 ..

432 4905 475 4970 A.
506 4921 604 4987 1512,
628 4907 824 4972 Novembris
850 4927 906 4994 20,
932 4912 963 4974 in
987 4913 1131 4994 capitulo
1155 4913 1306 4995 generali.

336 5045 554 5129 1042.(V11.
584 5049 653 5130 143)
678 5099 705 5114 ..
731 5051 766 5112 In
798 5052 870 5113 loco
906 5055 1072 5134 capitulari
1152 5076 1261 5118 vener.
1285 5054 1357 5116 dnis
1394 5052 1525 5133 prelatis
1556 5062 1590 5115 et
1613 5054 1777 5114 canonicis

218 5155 354 5218 ecclesie
379 5155 526 5228 Poznan.‚
551 5155 695 5219 Iohanne
719 5158 760 5219 de
784 5157 932 5221 Lukowo
957 5161 1093 5234 decano,
1119 5161 1261 5222 Iohanne
1279 5161 1319 5222 de
1336 5157 1424 5222 Gora
1448 5158 1590 5231 officiali,
1615 5157 1778 5220 Anzelmo

217 5272 367 5334 cantore,
403 5263 547 5325 Iohanne
581 5263 797 5345 Slavyenslry,
834 5264 967 5328 Andrea
1002 5267 1239 5350 Czyesyelsky,
1276 5266 1335 5328 Iob
1365 5265 1604 5346 Roszkowsly,
1640 5263 1778 5347 Olesky,

218 5367 455 5451 Charbowsky‚
491 5368 677 5452 Guniczsky
701 5381 735 5434 et
767 5371 963 5455 Vilkowsky
988 5423 995 5436 .
1017 5425 1024 5437 .
1049 5376 1267 5456 congregatis,
1304 5395 1346 5436 ex
1377 5383 1490 5435 mutuo
1523 5383 1662 5436 tractatu
1697 5375 1779 5436 iuter

217 5477 309 5556 ipsos
344 5475 456 5538 habito
481 5477 693 5540 decreverunt
717 5498 777 5559 pro
801 5489 907 5542 estate
930 5483 1079 5561 proxime
1102 5481 1207 5543 futura
1231 5482 1382 5543 turrim
1406 5481 1495 5544 iuxta
1530 5480 1698 5542 ecclesiam
1730 5501 1778 5542 ca-

216 5583 322 5646 thedr.
347 5583 485 5647 Poznan.
510 5585 685 5647 secundum
710 5585 947 5650 ordInationem
972 5601 1004 5652 et
1028 5589 1275 5669 dispositionem
1293 5590 1478 5650 testamenti
1496 5587 1572 5648 olim
1589 5587 1643 5648 dni
1661 5587 1779 5649 Urielis

323 5705 382 5748 Mon.
399 5704 462 5746 medii
476 5705 524 5746 aevi
541 5705 590 5746 hist.
620 5707 673 5747 xlii.
1589 5693 1623 5748 'db'
