4416 6366
920 613 1009 664 ANNI
1029 609 1106 668 1485.

238 703 661 712 ——ffl
1067 707 1232 716 ...q—q...-

452 827 496 891 A.
526 828 626 909 1485,
650 827 726 890 Maii
756 829 809 903 16,
834 829 866 890 in
891 827 1044 910 capitulo.

345 965 432 1035 751.
465 970 532 1052 (IV.
557 970 634 1053 95⁰).
658 969 782 1034 Ibidem
806 971 860 1033 dni
883 970 1123 1052 deputaverunt
1146 973 1246 1036 dnum
1271 973 1478 1056 Rogalinsky
1501 974 1542 1037 ad
1566 983 1707 1038 castrum
1732 993 1792 1055 pro

237 1099 285 1149 eo,
310 1078 385 1159 quia
409 1077 604 1141 lrmethones
626 1079 667 1140 de
692 1077 901 1161 Cozyeglowi
925 1080 1053 1144 fuerunt
1069 1084 1100 1143 in
1117 1082 1229 1144 turrim
1246 1083 1344 1161 positi
1361 1103 1420 1164 per
1435 1082 1644 1165 burgrabiurn
1661 1083 1790 1144 racione

237 1187 438 1268 quorundam
463 1185 573 1248 boum.

450 1379 493 1444 A.
523 1382 621 1461 1485,
645 1381 724 1442 Iunii
748 1399 784 1459 9,
810 1383 842 1444 in
864 1383 1015 1465 capitulo

346 1518 432 1587 752.
457 1523 526 1603 (IV,
549 1523 631 1602 96⁰).
655 1523 780 1586 Ibidem
804 1524 1015 1588 decreverunt
1032 1525 1120 1588 nullo
1137 1527 1281 1606 ipsorum
1298 1525 1501 1606 discrepante
1517 1525 1792 1588 contribucionem

237 1630 369 1711 duplam
400 1631 431 1692 in
457 1641 529 1693 toto
560 1631 656 1706 cler0,
687 1632 922 1694 conformando
954 1653 989 1696 se
1019 1633 1089 1697 aliis
1120 1633 1373 1714 metropolitane
1396 1631 1595 1706 Gneznensi,
1624 1631 1792 1694 Wladisla·

236 1739 337 1800 viensi
360 1747 393 1800 et
417 1735 623 1801 Cracoviensi
647 1739 805 1814 ecclesiis,
830 1739 970 1803 dandam
995 1751 1028 1804 et
1051 1739 1126 1803 hinc
1150 1749 1183 1803 et
1207 1741 1324 1804 festum
1357 1740 1387 1803 b.
1420 1740 1529 1804 Iacobi
1553 1741 1694 1822 apostoli
1718 1759 1791 1800 con-

237 1843 441 1908 tribuendum
465 1856 579 1910 contra
602 1845 698 1908 Thu
712 1867 727 1909 r
739 1868 756 1909 c
770 1869 789 1909 u
803 1867 843 1910 m.

449 2039 493 2102 A.
523 2043 622 2120 1485,
647 2039 717 2102 Iulii
738 2057 776 2118 4,
801 2041 832 2102 in
856 2040 998 2122 capitulo
1023 2041 1175 2124 generali.

346 2177 431 2246 753.
464 2181 533 2260 (IV.
564 2184 629 2262 99).
662 2183 931 2246 Kazimirus
962 2183 1013 2246 dei
1044 2184 1152 2265 gracia
1183 2183 1258 2245 Rex
1289 2181 1438 2257 Polonie,
1472 2203 1610 2265 magnus
1641 2183 1709 2246 dux
1740 2183 1791 2244 Li·

236 2289 393 2362 thwanie,
417 2291 551 2366 Russie,
576 2290 766 2373 Prussieque
790 2291 940 2353 dominus
965 2299 998 2353 et
1020 2281 1127 2366 her'es,
1152 2291 1227 2353 Rdo
1244 2292 1274 2352 in
1293 2290 1423 2354 Christo
1440 2291 1523 2372 patri
1541 2291 1674 2352 domino
1691 2289 1792 2353 Urieli

236 2397 403 2478 Episcopo
427 2417 553 2460 necnon
578 2397 816 2461 venerabilibus
840 2409 872 2462 et
895 2397 1139 2460 honorabilibus
1163 2397 1296 2479 prelatis
1319 2408 1352 2461 et
1376 2398 1539 2460 canonicis
1563 2399 1688 2478 totique
1705 2398 1792 2478 capi-

236 2503 305 2567 tulo
336 2503 472 2567 ecclesie
503 2505 697 2568 cathedralis
728 2505 957 2568 Poznaniensis
989 2507 1114 2568 sincere
1145 2516 1178 2569 et
1208 2505 1328 2569 devote
1359 2506 1453 2568 nobis
1484 2503 1609 2568 dilectis
1642 2505 1792 2576 salutem,

236 2612 377 2690 graciam
401 2621 434 2674 et
458 2612 610 2675 favorem.
634 2613 826 2676 Reverende
851 2613 881 2674 in
913 2611 1044 2676 Christo
1076 2623 1169 2694 pater
1198 2612 1328 2675 domine
1361 2632 1487 2674 necnon
1519 2611 1719 2676 venerabiles
1758 2620 1792 2674 et

237 2719 462 2795 honorabiles,
486 2720 609 2782 sincere
633 2729 666 2784 et
689 2719 808 2783 devote
832 2720 926 2783 nobis
950 2720 1067 2784 dilecti.
1099 2721 1334 2794 intelleximus,
1358 2721 1511 2802 quoniam
1536 2719 1681 2782 nonnulli
1705 2721 1792 2801 spiri-

236 2826 339 2890 tuales
363 2828 516 2890 cortizani
541 2827 581 2889 de
605 2847 724 2909 genere
748 2826 866 2908 plebeo
890 2837 923 2892 et
947 2830 1116 2909 presertim
1142 2828 1273 2910 quidam
1293 2828 1447 2890 Nicolaus
1471 2827 1597 2908 Ceppel
1621 2827 1789 2908 exquisitis

236 2955 293 2998 sue
316 2933 515 2997 condicionis
538 2934 701 2997 industriis
725 2933 882 3016 plurimos
906 2935 997 3016 regni
1022 2936 1124 2998 nostri
1148 2935 1330 3017 spirituales
1347 2936 1412 2998 suis
1429 2935 1578 2998 inauditis
1589 2933 1610 3016 ¹)
1634 2945 1667 2998 et
1683 2935 1789 2997 incon·

236 3043 335 3104 suetis
360 3041 475 3104 crebro
498 3041 641 3104 afficiunt
665 3042 774 3104 litibus
797 3043 885 3123 apud
910 3040 1028 3106 Sedem
1045 3043 1269 3124 apostolicam,
1293 3041 1420 3105 nobiles
1440 3062 1483 3104 ex
1499 3052 1637 3123 utroque
1653 3051 1789 3123 parente

235 3169 271 3210 se
294 3149 470 3212 asseverari
494 3169 560 3210 non
583 3157 733 3212 verentes
744 3147 774 3230 ll,
798 3149 894 3232 aliqui
918 3171 995 3212 vero
1013 3171 1077 3212 non
1094 3171 1154 3232 pro
1173 3151 1289 3220 merito
1307 3169 1432 3212 morum
1448 3149 1500 3212 vel
1516 3149 1675 3231 dignitate
1691 3150 1790 3212 scien·

235 3256 354 3318 ciamm
379 3256 436 3318 sed
461 3256 521 3318 levi
545 3256 707 3336 stipendio
732 3267 765 3320 et
786 3257 921 3320 faciliter
944 3257 1091 3339 graduati
1115 3268 1230 3320 contra
1254 3257 1456 3339 privilegium
1480 3265 1514 3318 et
1537 3266 1695 3320 statutum
1711 3258 1788 3320 anti·

236 3383 335 3444 quum
362 3363 505 3426 ecclesiis
536 3363 775 3427 cathedralibus
810 3366 901 3446 regni
937 3366 1039 3428 nostri
1074 3376 1107 3427 et
1142 3366 1308 3446 signanter
1339 3364 1549 3427 Poznaniensi
1574 3363 1731 3428 donatum
1755 3377 1788 3428 et

235 3491 443 3544 concessum,
468 3491 533 3552 quo
557 3483 688 3534 cavetur
712 3483 744 3536 et
768 3473 967 3553 exprimitur,
999 3484 1034 3536 ut
1058 3473 1163 3534 nullus
1187 3471 1333 3553 plebeius
1364 3473 1405 3536 ad
1437 3473 1507 3535 illas
1531 3482 1721 3544 assumatur,
1754 3493 1790 3536 se

235 3581 347 3661 utique
370 3579 411 3641 ad
435 3578 567 3642 easdem
591 3580 744 3642 ecclesias
767 3600 826 3661 per
850 3581 922 3643 lites
946 3591 979 3644 et
1003 3581 1131 3661 ingenia
1156 3599 1213 3642 sua
1237 3581 1388 3662 ingerunt
1411 3591 1444 3644 et
1460 3581 1664 3660 impremunt,
1690 3600 1753 3642 non
1765 3580 1788 3662 3)

235 3688 457 3760 advertentes,
493 3688 581 3769 quod
613 3687 813 3770 privilegium
854 3687 1034 3768 predictum
1066 3708 1131 3750 non
1163 3697 1289 3751 tantum
1333 3709 1392 3769 pro
1427 3687 1545 3750 decore
1580 3687 1787 3750 ecclesiarum

235 3793 480 3870 cathedralium,
504 3815 616 3858 verum
640 3796 742 3858 eciam
765 3795 806 3857 ad
832 3795 1104 3858 manutuicionem
1128 3805 1161 3858 et
1184 3799 1469 3858 conservacionem
1501 3795 1617 3877 quietis
1641 3777 1675 3858 et
1698 3796 1787 3876 pacis

235 3902 360 3964 illarum
383 3922 441 3984 per
464 3901 576 3965 Smum
601 3902 767 3965 dominum
791 3903 1003 3965 Wladislaum
1033 3904 1106 3966 dive
1134 3904 1288 3966 memorie
1311 3901 1444 3965 Polonie
1468 3923 1579 3984 regem
1602 3903 1785 3984 genitorem

234 4019 381 4072 nostrum
406 4011 605 4072 carissimum
630 4009 734 4072 fuerat
758 4030 949 4072 concessum
974 4021 1007 4074 et
1022 4011 1144 4074 tamdiu
1162 4011 1389 4084 observatum,
1414 4031 1457 4072 ex
1473 4031 1536 4092 qua
1553 4010 1787 4072 observacione

235 4116 378 4179 ecclesiis
402 4117 555 4198 predictis
579 4117 715 4199 plurima
738 4117 859 4180 fiebant
883 4119 1055 4180 commoda
1079 4129 1112 4180 et
1128 4117 1286 4180 bonarum
1302 4119 1457 4180 virtutum
1475 4118 1688 4190 incrementa,
1712 4137 1784 4179 cum

235 4233 268 4286 et
292 4223 418 4286 nobiles
442 4224 500 4286 viri
523 4223 694 4287 virtutibus
718 4224 880 4305 pollentes
905 4235 938 4288 et
962 4245 1073 4287 eorum
1098 4225 1329 4308 consanguinei
1350 4225 1503 4306 predictis
1528 4224 1672 4287 ecclesiis
1695 4235 1787 4288 erant

234 4341 268 4394 et
292 4329 509 4394 reddebantur
534 4331 705 4412 plurimum
728 4332 835 4394 affecti
858 4332 898 4394 ad
916 4332 1107 4414 disciplinati
1124 4333 1169 4414 (s).
1194 4332 1275 4396 Cum
1292 4353 1370 4395 vero
1387 4331 1446 4395 hec
1463 4335 1620 4396 succrevit
1635 4332 1737 4394 abusu
1754 4343 1788 4396 et

234 4437 393 4500 dictorum
418 4437 618 4519 litigancium
643 4438 833 4512 insolencia,
859 4439 994 4502 ecclesie
1019 4441 1088 4520 ipse
1109 4451 1141 4501 et
1166 4439 1269 4502 clerus
1294 4461 1359 4502 non
1384 4459 1517 4520 parvum
1536 4439 1610 4501 inde
1627 4439 1787 4503 sustinent

234 4545 448 4608 insecuritatis
471 4545 713 4608 incommodum
745 4557 843 4626 atque
875 4547 1079 4620 scandalum,
1112 4557 1145 4609 et
1178 4557 1351 4628 propterea
1381 4546 1454 4608 huic
1487 4547 1586 4608 errori
1617 4567 1786 4608 occurrere

234 4652 382 4714 volentes
406 4651 447 4715 de
470 4652 667 4732 prelatorum
699 4653 922 4734 baronumque
956 4665 1139 4716 nostrorum
1167 4653 1302 4716 consilio
1335 4655 1515 4716 invenimus
1548 4663 1580 4716 et
1605 4657 1787 4728 statuimus,

234 4757 504 4840 presentibusque
528 4759 695 4822 laudamus
720 4769 752 4822 et
776 4762 961 4834 statuimus,
991 4781 1030 4822 ne
1054 4761 1168 4841 aliquis
1192 4760 1327 4841 plebeus
1350 4761 1391 4821 ad
1415 4759 1593 4840 predictam
1618 4761 1787 4823 ecclesiam

234 4867 487 4929 Poznaniensem
504 4877 537 4929 et
552 4877 678 4930 ceteras
695 4867 785 4948 regni
803 4869 903 4930 nostri
919 4867 1121 4931 cathedrales
1145 4868 1297 4930 ecclesias
1321 4866 1510 4930 admittatur
1532 4879 1565 4930 et
1588 4869 1787 4948 suscipiatur.

234 4971 395 5052 Quocirca
418 4972 627 5037 Sinceritates
650 4984 682 5038 et
707 4974 959 5036 Dominaciones
982 4976 1187 5056 presentibus
1202 4975 1369 5037 hortamur
1385 4975 1558 5038 districtius
1575 4976 1787 5056 iniungentes,

233 5091 394 5162 quatenus
425 5083 586 5143 neminem
610 5081 761 5161 plebeum
789 5081 830 5143 ad
854 5081 1023 5144 ecclesiam
1053 5093 1196 5146 vestram
1227 5095 1260 5145 et
1293 5082 1469 5164 capitulum
1499 5082 1702 5163 aliquatenus
1733 5081 1787 5143 ad-

232 5188 362 5250 mittere
386 5207 493 5268 ueque
516 5187 641 5251 admitti
664 5188 770 5251 iacere
790 5189 1000 5270 presumatis,
1024 5189 1179 5262 scientes,
1204 5189 1291 5270 quod
1308 5191 1334 5253 si
1351 5209 1444 5253 secus
1463 5189 1611 5265 feceritis,
1636 5189 1787 5271 quicquid

342 5487 361 5553 ¹)
380 5489 442 5537 Cori.
464 5489 597 5537 marulatis.

340 5575 361 5643 l)
380 5577 443 5628 Cod.
464 5588 623 5628 venerantes.

342 5663 361 5732 3)
381 5667 445 5716 Corl.
465 5682 532 5718 nam.
