4416 6366
948 611 1042 661 ACTA
1062 609 1165 659 CAPIT
1168 609 1226 660 ULl
1246 607 1503 660 POZNANIENSIS

662 824 703 886 A.
735 837 832 902 1500,
858 821 1054 884 Novembris
1084 835 1130 900 17,
1155 822 1187 881 in
1211 820 1354 900 capitulo
1379 819 1532 902 generali.

553 963 730 1046 910011.
758 965 834 1044 26⁰).
858 963 1070 1026 Statutum
1096 963 1143 1024 de
1168 963 1281 1024 villis
1305 962 1495 1026 desertis
1526 963 1821 1042 prcstimonialibus
1846 961 1998 1024 locandis

446 1076 508 1138 Die
532 1075 687 1136 Martis..
713 1072 768 1134 dni
792 1071 949 1144 decanus,
983 1069 1227 1132 archidiaconus
1252 1079 1284 1132 et
1308 1069 1468 1140 officialis,
1502 1069 1677 1150 Czaczslry,
1704 1069 1915 1142 Dambrowa,
1940 1067 2003 1131 Go-

445 1181 645 1260 luchowslry,
671 1179 745 1252 lob,
781 1177 1021 1260 Sigismundus,
1054 1177 1216 1239 lohannes
1240 1173 1381 1256 Gorsky,
1418 1177 1613 1259 Ryssinsky,
1650 1173 2002 1258 010331150150331151

444 1289 559 1370 prelati
583 1299 615 1348 et
639 1287 784 1348 canonici
820 1286 957 1347 ecclesie
994 1283 1134 1346 Poznan.
1162 1284 1204 1346 ad
1228 1304 1344 1346 sonum
1378 1305 1536 1366 campane
1569 1286 1789 1366 capitulariter
1811 1285 2004 1366 congregati

444 1395 687 1458 considerantes
712 1405 744 1456 ct
769 1393 987 1474 provisionem
1023 1391 1193 1452 meliorem
1218 1391 1324 1452 lacere
1360 1391 1509 1453 volentes
1533 1411 1631 1472 super
1655 1393 1775 1454 mansis
1810 1390 1947 1453 desertis
1970 1393 2002 1452 in

443 1503 524 1564 villis
549 1501 842 1582 prcstimonialibus
865 1518 1059 1580 quocunque
1084 1509 1202 1560 eventu
1227 1497 1430 1569 extantibus,
1461 1519 1527 1578 quo
1557 1497 1679 1560 facilius
1702 1510 1735 1560 et
1760 1498 1866 1559 utilius
1883 1505 2003 1578 queant

444 1619 477 1672 et
500 1610 629 1672 valeant
654 1607 904 1688 possessionari,
940 1615 1123 1668 statuerunt
1148 1617 1309 1685 perpetuo
1346 1625 1473 1667 exnunc
1498 1605 1673 1668 tenendum
1698 1617 1730 1668 et
1754 1605 2002 1678 observandum,

444 1727 479 1778 ut
503 1715 653 1778 videlicet
676 1713 758 1776 dnus
783 1733 899 1794 regens
922 1713 1032 1775 villam
1055 1710 1197 1794 aliquam
1231 1713 1508 1792 prcstimonialem
1542 1731 1689 1774 mansum
1712 1713 1876 1777 desertum
1899 1715 1931 1774 in
1956 1733 2004 1774 ea-

443 1825 518 1884 dcm
546 1824 620 1884 villa
644 1831 750 1884 aratro
775 1841 834 1882 suo
859 1820 992 1900 proprio
1016 1819 1103 1880 colat
1127 1830 1160 1881 et
1185 1819 1354 1880 frumentis
1379 1819 1444 1880 suis
1469 1820 1671 1882 conscrninet
1692 1831 1724 1882 et
1749 1820 1863 1882 eadem
1895 1820 1935 1882 de
1960 1839 2004 1881 se·

444 1931 573 2014 getibus
597 1930 780 1992 crescendis
805 1947 864 2008 pro
890 1948 924 1990 se
949 1927 1095 2007 recipiet;
1129 1928 1154 1988 si
1179 1937 1289 1987 autem
1314 1928 1343 1986 10
1370 1944 1484 1988 manso
1509 1925 1690 1989 huiusmodi
1722 1925 1932 1989 kmethonem
1958 1925 2003 1988 lo-

445 2039 564 2100 caverit
588 2039 681 2117 eique
704 2035 745 2098 ad
771 2033 1081 2115 possessionandum
1106 2033 1245 2094 eundem
1264 2051 1412 2094 mansum
1430 2035 1702 2106 conseminatum,
1727 2053 1838 2116 equos
1863 2034 2004 2115 pecudes

444 2145 495 2208 vel
519 2165 636 2224 pecora
659 2143 764 2224 alique
789 2141 928 2210 dederit,
963 2143 1126 2221 impensas
1151 2161 1225 2202 suas
1249 2140 1431 2202 huiusmodi
1456 2161 1498 2202 ex
1522 2141 1594 2222 ipso
1618 2141 1812 2214 kmethone,
1844 2143 2001 2223 quampri-

445 2271 531 2312 mum
557 2252 585 2312 ei
609 2251 741 2312 libertas
765 2269 922 2310 concessa
947 2248 1158 2326 expiraverit,
1195 2249 1378 2310 successive
1410 2267 1542 2310 censum
1567 2249 1608 2310 ab
1635 2269 1675 2310 eo
1699 2249 1845 2311 tollendo
1869 2259 2002 2330 repetet.

444 2360 541 2420 etiam
565 2360 590 2420 si
615 2359 685 2437 ipse
709 2357 791 2418 dnus
816 2375 933 2436 regens
957 2354 1052 2415 aliam
1078 2355 1185 2416 villam
1212 2355 1412 2435 prcstimonii
1438 2357 1600 2434 potiorem
1625 2375 1668 2417 ex
1692 2359 1827 2438 optione
1856 2377 2002 2437 asseque-

445 2477 547 2535 retur,
574 2463 798 2526 nichilominus
823 2481 993 2524 successor
1017 2481 1092 2523 suus
1117 2461 1329 2522 lrnicthonem
1355 2461 1442 2524 illurn
1467 2463 1507 2524 ad
1533 2463 1726 2526 solvendum
1758 2483 1890 2526 censum
1914 2475 1998 2525 ante·

443 2573 564 2634 cessori
600 2583 761 2634 retentum
787 2569 954 2650 usquead
981 2569 1156 2649 plenariam
1193 2568 1448 2631 satisfactionem
1474 2589 1534 2650 pro
1559 2571 1714 2650 impensis
1751 2573 1815 2634 suis
1851 2571 2002 2653 predictis

442 2699 561 2760 cogere
584 2689 617 2740 ct
641 2679 819 2759 astringere
844 2675 1014 2738 tenebitur.
1048 2674 1145 2755 Quod
1170 2677 1195 2738 si
1220 2675 1303 2738 sorte
1329 2687 1488 2738 restarent
1512 2677 1619 2759 alique
1643 2677 1819 2750 domicilia,
1852 2679 2001 2761 pecudes,

444 2805 578 2867 pecora,
614 2786 687 2865 equi
712 2785 763 2846 vel
789 2783 947 2845 frumenta
973 2785 1003 2844 10
1029 2803 1142 2844 manso
1178 2783 1251 2844 ville
1286 2785 1537 2865 prcstimonialis
1572 2783 1754 2847 huiusmodi
1791 2786 1922 2848 deserto
1945 2805 2003 2865 per

445 2893 580 2963 obitum,
604 2891 712 2972 fugam
737 2891 788 2952 vel
811 2893 933 2953 senium
958 2890 1142 2952 kmethonis
1171 2892 1240 2952 sine
1264 2891 1354 2972 prole
1391 2893 1576 2962 existentis,
1613 2905 1734 2954 extunc
1758 2913 1817 2974 pro
1842 2893 2000 2956 locatione

443 3000 547 3060 mansi
571 2998 752 3060 huiusmodi
777 2998 860 3060 duus
884 3019 1002 3078 regens
1026 3017 1120 3058 unam
1145 3009 1177 3060 et
1203 2998 1379 3077 capitulum
1405 2999 1483 3062 duas
1509 3001 1717 3080 pecuniarum
1741 3009 1910 3081 apponent
1932 3021 2001 3081 par·

443 3116 494 3168 tes
518 3107 607 3168 iuxta
630 3106 897 3167 consuetudinem
920 3107 1098 3186 antiquitus
1123 3105 1340 3167 observatam.

658 3317 699 3378 A.
729 3329 827 3394 1500,
852 3315 1047 3378 Novembris
1072 3334 1128 3395 23,
1153 3319 1184 3377 10
1209 3318 1352 3398 capitulo
1376 3319 1529 3400 generali.

551 3455 638 3522 916.
664 3458 731 3540 (VI.
757 3459 818 3538 28).
844 3457 1061 3520 Statutum
1085 3469 1232 3520 contra
1258 3459 1360 3522 dnos
1384 3471 1585 3542 regentes
1609 3464 1713 3525 curias
1737 3466 1767 3524 in
1785 3463 2001 3544 prcstimoniis

443 3567 726 3628 destruentes-
751 3563 812 3626 Die
836 3565 969 3626 Lunc..
995 3565 1131 3626 durante
1155 3567 1298 3645 capitulo
1334 3569 1476 3649 generali
1513 3591 1620 3633 vener.
1658 3571 1711 3632 dni
1747 3571 1905 3642 decanus,
1938 3570 2001 3632 offi-

443 3673 546 3746 cialis,
571 3672 744 3752 Czaczslry,
769 3671 985 3752 Rambinsky,
1011 3672 1168 3734 Martinus
1195 3672 1410 3748 Dambrowa,
1437 3673 1693 3758 Goluchovvslry,
1718 3677 1777 3740 Iob
1801 3677 2001 3741 Roschkow·

443 3781 514 3862 sky,
550 3779 774 3860 Sigismundus
807 3779 848 3840 de
885 3779 1133 3860 Camyenyccz,
1175 3781 1336 3844 Iohannes
1370 3781 1511 3864 Gorsky,
1546 3784 1742 3866 Ryssinsky,
1777 3784 1945 3866 Oleschlry
1969 3796 2000 3848 et

442 3885 568 3967 Sussky
591 3887 632 3948 ad
656 3907 771 3948 sonum
795 3907 953 3966 campane
977 3887 1195 3968 capitulariter
1219 3891 1409 3970 congregati
1427 3903 1622 3962 statuerunt,
1649 3893 1873 3968 decreverunt,
1896 3894 2000 3955 unani·

443 3995 537 4056 miter
560 3995 789 4057 ordinaverunt
814 4005 972 4075 perpetuo
997 4015 1125 4055 exnunc
1150 3995 1327 4056 tenendum
1351 4009 1384 4057 01
1408 3997 1647 4060 observandum
1671 3999 1817 4072 11001101,
1843 4013 1877 4064 01
1902 4022 1999 4082 quan·

442 4102 613 4182 docunque
639 4101 751 4181 aliquis
775 4101 912 4162 dnorum
938 4102 977 4161 dc
1002 4103 1144 4181 capitulo
1169 4103 1278 4164 villam
1303 4123 1359 4164 seu
1394 4105 1484 4166 villas
1520 4107 1777 4186 prcstimoniales
1811 4129 1928 4190 regens
1951 4107 1999 4169 de-

442 4209 525 4271 latus
560 4209 591 4269 in
615 4207 757 4288 capitulo
792 4209 935 4288 generali
972 4229 1029 4287 per
1066 4221 1310 4288 procuratorem
1349 4213 1480 4292 capituli
1516 4225 1571 4274 aut
1607 4216 1806 4276 visitatorem
1843 4217 1998 4277 dictarum

443 4314 589 4376 villarum
614 4335 672 4396 per
696 4315 778 4376 dnos
802 4316 992 4394 deputatum
1029 4337 1125 4394 super
1150 4317 1371 4380 desertatione
1404 4341 1460 4381 seu
1488 4321 1707 4383 destructione
1731 4322 1817 4382 curie
1841 4323 1872 4382 in
1896 4323 1999 4402 aliqua

440 4421 587 4483 villarum
621 4421 854 4500 prcstimoniali
890 4423 936 4482 sui
962 4425 1128 4502 regiminis
1164 4445 1222 4503 per
1246 4445 1319 4486 eum
1353 4425 1445 4488 factis
1470 4438 1502 4489 et
1527 4429 1622 4490 illatis
1647 4440 1680 4490 et
1703 4427 1889 4492 destructor
1912 4449 1999 4490 com-

440 4540 552 4610 pertus
575 4527 683 4598 fuerit,
721 4539 841 4590 extunc
867 4529 946 4590 infra
969 4530 1139 4592 decursum
1165 4534 1255 4593 unius
1288 4534 1363 4594 anni
1389 4553 1447 4613 per
1471 4534 1553 4595 dnos
1578 4537 1777 4616 assignatum
1803 4537 1923 4598 curiam
1947 4535 1999 4598 hu-

441 4634 579 4714 iusmodi
604 4637 669 4697 suis
694 4637 847 4716 impensis
872 4637 1048 4698 instaurare
1074 4637 1222 4699 edificare
1246 4649 1279 4702 et
1303 4651 1491 4702 construere
1524 4643 1687 4704 tenebitur
1710 4662 1753 4703 ex
1777 4643 1923 4724 integro,
1957 4645 1999 4704 ita

440 4742 522 4804 sicut
547 4741 657 4816 fuerat,
693 4744 769 4804 dum
793 4743 900 4804 villam
933 4743 1089 4805 eiusmodi
1115 4745 1391 4824 prcstimonialem
1416 4757 1604 4827 susceperat
1628 4751 1658 4809 10
1683 4751 1828 4830 regimen
1853 4749 1997 4813 edificata

441 4851 511 4928 ipsa
536 4849 630 4921 curia,
658 4849 718 4910 sub
743 4870 828 4930 pena
852 4851 1035 4930 pecuniaria
1059 4861 1136 4912 tunc
1161 4852 1220 4912 sibi
1245 4873 1303 4932 per
1326 4853 1409 4914 dnos
1433 4855 1646 4934 imponenda,
1672 4875 1731 4936 pro
1756 4876 1819 4936 qua
1843 4858 1998 4919 solvenda

442 4967 542 5035 ponet
566 4954 769 5018 fideiussores
793 4977 910 5037 regens
933 4959 1081 5019 adminus
1106 4959 1188 5020 duos
1205 4979 1246 5019 ex
1262 4959 1334 5020 dnis
1358 4961 1500 5042 capitulo
1518 4963 1661 5042 generali
1685 4962 1829 5034 durante,
1854 4965 1993 5044 alioquin

441 5081 528 5122 anno
553 5082 632 5134 uno,
657 5073 692 5124 ut
717 5063 890 5142 prefertur,
916 5065 1053 5126 decurso
1077 5065 1159 5127 dnus
1184 5087 1301 5146 regens
1325 5078 1358 5129 et
1382 5089 1500 5148 penam
1525 5069 1584 5130 sibi
1608 5071 1763 5132 indictam
1787 5089 1845 5132 seu
1871 5071 1997 5150 imposi-

440 5179 507 5231 tam
533 5169 638 5232 solvet
663 5180 696 5232 ct
720 5172 933 5250 prcstimonio
959 5173 1145 5253 privabitur.

653 5363 695 5427 A.
726 5379 823 5443 1500,
849 5365 1044 5428 Novembris
1069 5383 1127 5444 24,
1151 5368 1182 5428 in
1208 5368 1351 5448 capitulo
1375 5369 1527 5450 generali.

549 5501 635 5570 917.
658 5506 725 5588 (VI.
752 5505 814 5587 28).
840 5504 1048 5570 Statutum
1073 5509 1252 5570 ducendi
1278 5503 1396 5592 ligna
1416 5511 1678 5594 regentibus
1701 5549 1740 5556 -
1766 5511 1849 5574 Item
1866 5513 1996 5576 dnista-

439 5623 584 5688 tuerunt,
608 5623 643 5676 ut
667 5633 795 5677 exnunc
820 5625 936 5696 quater
959 5615 991 5676 in
1015 5635 1101 5679 anno
1125 5616 1321 5679 kmethones
1345 5617 1385 5680 de
1409 5619 1490 5682 villis
1515 5619 1809 5702 prcstimonialibus
1831 5639 1851 5680 a
1867 5621 1996 5686 civitate
