4416 6366
457 633 518 698 104
962 615 1057 666 ACTA
1076 611 1238 665 CAPITULI
1257 610 1510 666 POZNANIENSIS

560 825 645 894 534.
679 828 729 912 (II.
756 829 857 908 225⁰).
887 827 968 892 Item
993 827 1092 890 dnum
1115 827 1272 890 Mathiam
1296 831 1488 890 canonicum
1515 829 1581 892 dno
1605 828 1766 893 Clementi
1790 831 2006 894 adiunxerunt

452 938 569 999 iturum
594 937 634 998 ad
658 946 798 998 castrum
822 935 961 997 Poznan.
986 937 1114 996 racione
1139 935 1237 998 boum
1263 935 1322 998 sibi
1347 957 1404 1017 per
1427 937 1722 1001 exercituales
1756 939 1876 1000 dudum
1900 952 2006 1021 rapto-

451 1064 532 1106 rum.
556 1043 637 1107 Item
662 1043 767 1106 eidem
791 1043 856 1105 dno
881 1041 1056 1116 Clementi,
1089 1043 1178 1123 quod
1209 1043 1340 1107 inducat
1371 1054 1473 1108 testes
1505 1064 1602 1125 super
1632 1065 1730 1108 censu
1754 1047 1785 1108 in
1808 1045 2005 1128 Woynowo,

453 1161 697 1213 consenserunt.

560 1289 647 1358 535.
673 1292 721 1373 (ΙΙ.
747 1293 833 1372 226).
857 1291 938 1356 Item
964 1293 1081 1355 ibidem
1106 1293 1252 1356 Rmus..
1276 1293 1358 1356 dnus
1382 1292 1534 1355 Andreas
1558 1293 1588 1355 d.
1615 1313 1647 1375 g.
1671 1293 1763 1375 Epus
1787 1294 1827 1357 de
1844 1315 2004 1358 consensu

451 1399 583 1480 capituli
607 1399 745 1461 Poznan.
768 1401 845 1462 vlais
869 1411 902 1462 et
925 1401 1043 1462 auditis
1067 1401 1195 1480 scriptIs
1220 1399 1333 1462 Rmi..
1359 1401 1414 1462 dni
1438 1399 1525 1462 Pauli
1549 1400 1579 1462 d.
1604 1421 1636 1482 g.
1662 1401 1724 1482 Epi
1744 1401 1909 1464 Plocensis
1925 1403 2006 1464 deci-

452 1525 536 1568 mam
561 1507 593 1568 in
617 1506 729 1585 Rolky
754 1525 865 1568 mense
890 1507 1085 1588 episcopalis
1109 1506 1248 1568 Poznan.
1281 1508 1312 1568 ln
1345 1507 1490 1588 partibus
1518 1507 1665 1570 Mazovie
1698 1528 1757 1589 pro
1788 1509 1942 1572 altarIstis
1973 1510 2005 1570 in

452 1613 604 1695 Gyzycze
628 1625 660 1675 et
684 1634 744 1695 pro
768 1615 892 1676 decima
916 1616 947 1675 in
972 1613 1142 1676 Scorzewo
1166 1613 1331 1677 Plocensis
1355 1615 1437 1677 dioc.
1461 1617 1657 1695 permutavit
1689 1625 1722 1677 et
1753 1635 1772 1676 a
1804 1635 1862 1678 sua
1894 1635 2007 1678 mensa

452 1721 631 1802 episcopali
655 1721 816 1784 alienavit.

666 1940 709 2005 A.
738 1942 828 2020 1460,
854 1941 922 2003 Iulii
951 1961 983 2014 1,
1007 1943 1039 2003 in
1063 1941 1205 2024 capitulo
1229 1941 1380 2023 generali.

561 2079 646 2148 536.
682 2083 730 2164 (II.
756 2085 871 2166 226)..
907 2083 971 2146 Dni
1003 2085 1213 2164 suprascripti
1244 2105 1352 2146 vener.
1384 2084 1450 2145 dno
1475 2083 1611 2146 Nicolao
1635 2081 1753 2146 Scudla
1777 2084 2007 2146 archidiacono

452 2186 633 2252 Srzemensi
658 2190 823 2254 licenciam
848 2191 944 2252 eundi
976 2191 1016 2252 ad
1048 2191 1189 2254 studium
1221 2191 1391 2254 Italiam
1423 2201 1671 2263 concesserunt,
1703 2192 1747 2253 ita
1770 2202 1896 2262 tamen,
1928 2192 2007 2252 dum

451 2295 711 2382 significatoriam
735 2299 912 2380 portaverit
936 2309 970 2362 et
994 2299 1238 2372 monstraverit,
1263 2299 1323 2362 sibi
1346 2299 1387 2360 de
1411 2297 1554 2361 subsidio
1577 2299 1667 2362 iuxta
1691 2309 1849 2362 statutum
1875 2318 2008 2379 respon·

452 2406 585 2469 debunt.

666 2615 709 2678 A.
737 2619 828 2698 1460,
852 2617 921 2680 nnn
950 2635 1004 2697 13,
1029 2619 1060 2679 in
1085 2593 1237 2700 capitulo.

560 2755 647 2824 537.
683 2758 731 2840 (ΙΙ.
757 2761 875 2843 226)..
912 2759 1032 2823 Vener.
1058 2770 1167 2840 patres
1200 2771 1234 2823 et
1266 2759 1320 2822 dni
1354 2759 1463 2822 Adam
1498 2761 1655 2832 decanus,
1693 2759 1846 2822 Nicolaus
1882 2771 2005 2832 custos,

452 2863 620 2937 Clemens,
652 2866 807 2942 MathiaS,
839 2867 1001 2930 Iohannes
1033 2867 1272 2938 Twardowslri,
1306 2867 1458 2929 Nicolaus
1489 2865 1607 2930 Scudla
1642 2867 1884 2930 archidiacanus
1919 2865 2009 2929 Srze-

453 2974 589 3046 mensis,
614 2973 812 3056 Wyscotha‚
836 2973 993 3055 Chibslry,
1018 2973 1202 3056 Wyscotha
1227 2975 1275 3054 (s),
1300 2972 1516 3056 Sandivogius
1541 2985 1603 3039 etc.
1621 2975 1736 3056 prelati
1753 2985 1786 3037 et
1802 2975 1947 3036 canonici
1963 2975 2008 3036 ad

451 3082 646 3162 peticionem
671 3081 746 3143 Rmi
771 3082 825 3142 dni
849 3081 1001 3146 Iohannis
1024 3082 1054 3144 d.
1080 3103 1110 3164 g.
1135 3081 1198 3163 Epi
1221 3081 1497 3144 Wladislaviensis
1521 3081 1559 3143 R.
1583 3081 1615 3145 P.
1640 3083 1819 3144 cancellarii
1844 3083 1905 3144 sibi
1925 3081 2009 3144 duas

452 3207 576 3250 marcas
601 3208 660 3269 pro
684 3189 809 3251 duabus
832 3189 998 3251 maldratis
1021 3209 1125 3252 avene
1148 3189 1189 3252 de
1205 3190 1349 3270 pecuniis
1369 3188 1580 3250 refectionum
1598 3189 1800 3251 donaverunt
1816 3199 1850 3250 et
1867 3197 2010 3270 quatuor

452 3314 577 3357 marcas
595 3295 635 3358 de
651 3298 786 3360 retentis
802 3297 885 3360 inter
901 3317 936 3359 se
952 3297 1138 3361 diviserunt.
1166 3295 1248 3360 Item
1265 3297 1348 3360 dnos
1364 3296 1517 3358 iacobum
1534 3296 1740 3360 scolasticum
1756 3307 1790 3358 et
1806 3295 2008 3358 Bernardum

452 3401 572 3465 habere
595 3402 767 3466 voluerunt
789 3423 850 3484 pro
874 3405 1088 3485 presentibus.

665 3623 707 3685 A.
737 3625 828 3701 1460,
852 3622 921 3686 Iulii
950 3637 995 3702 17,
1019 3624 1052 3684 ln
1076 3624 1227 3705 capitulo.

560 3761 646 3830 538.
673 3765 722 3848 (ll.
749 3766 880 3845 226⁰)..
904 3765 1025 3828 Vener.
1053 3777 1162 3847 patres
1186 3777 1218 3828 et
1242 3765 1296 3828 dni
1321 3765 1435 3846 prelati
1460 3777 1493 3828 et
1516 3765 1661 3826 canonici
1677 3763 1853 3844 capitulum
1870 3763 2009 3826 ecclesie

452 3871 589 3934 Poznan.
613 3873 801 3936 theloneum
825 3883 858 3936 et
882 3893 991 3936 curam
1015 3875 1125 3954 pontis
1150 3875 1293 3954 providis
1317 3873 1489 3953 oppidanis
1512 3874 1544 3934 iu
1562 3869 1694 3936 Ostrow
1711 3883 1846 3951 propter
1862 3871 2009 3950 ipsorum

453 3980 660 4042 rebellionem
695 3981 897 4044 abstulerunt
929 3991 961 4044 et
997 3982 1140 4062 providis
1172 3981 1344 4062 oppidanis
1375 3981 1405 4041 in
1439 3979 1655 4042 Walischewo
1685 3979 1727 4040 ad
1756 3979 1868 4040 decem
1901 3997 2009 4040 annos

452 4107 524 4150 sese
549 4088 733 4150 immediate
757 4101 931 4169 sequentes
954 4089 1176 4162 contulerunt,
1200 4090 1244 4151 ita
1267 4097 1393 4160 tamen,
1418 4087 1506 4168 quod
1527 4097 1698 4167 utrumque
1716 4096 1852 4167 pontem
1869 4094 1902 4146 et
1918 4084 2008 4145 viam

452 4195 535 4256 inter
551 4195 684 4257 eosdem
702 4195 897 4258 mediantem
914 4193 1150 4270 reformabunt,
1175 4195 1330 4277 quodque
1346 4195 1422 4257 dicti
1439 4193 1594 4276 oppidani
1611 4195 1641 4255 in
1659 4191 1876 4255 Walischewo
1893 4191 2009 4253 turrIm

452 4321 525 4364 cum
549 4301 652 4364 walva
676 4303 707 4363 in
733 4313 835 4382 ponte
858 4323 972 4366 versus
996 4301 1128 4366 Ostrow
1152 4303 1356 4366 edificabunt.

665 4521 706 4586 A.
737 4523 827 4601 1460,
850 4521 919 4584 Iulli
948 4525 1002 4598 18,
1028 4523 1059 4584 in
1082 4523 1235 4604 capitulo,

560 4661 647 4731 539.
672 4665 721 4746 (ΙΙ.
748 4666 874 4745 2260)..
899 4666 936 4728 In
960 4665 1128 4748 capitulari
1152 4687 1210 4746 per
1232 4665 1315 4728 dnos
1339 4675 1416 4727 tunc
1440 4663 1658 4744 capitulariter
1680 4671 1901 4743 congregatos
1924 4660 2009 4722 ordi·

452 4775 540 4838 natio
564 4773 649 4836 sacta
673 4783 723 4836 est
747 4775 830 4836 inter
852 4784 1020 4856 regentem
1047 4784 1080 4836 et
1103 4773 1296 4837 lrmethones
1327 4773 1359 4834 in
1391 4769 1607 4834 Gothartowo
1631 4769 1687 4831 tali
1711 4768 1825 4830 modo:
1859 4767 2010 4848 inprimis

451 4881 647 4945 kmethones
671 4883 702 4942 in
726 4881 877 4964 indagine
901 4881 1001 4962 ipsius
1025 4882 1167 4962 regentis
1199 4899 1265 4942 non
1289 4880 1410 4943 debent
1434 4898 1567 4959 pascere
1592 4895 1711 4958 pecora
1734 4886 1870 4956 propter
1893 4875 2009 4956 damp-

451 5009 548 5070 num,
570 4989 644 5070 quia
668 4989 711 5050 ibi
735 4989 860 5070 absque
884 4989 1028 5069 dampno
1052 4987 1180 5069 frugum
1204 4999 1237 5050 et
1261 4998 1426 5069 pratorum
1452 5005 1586 5066 pascere
1618 5003 1683 5045 non
1708 4993 1858 5063 possent,
1891 4981 1947 5044 sed
1973 4982 2008 5042 in

451 5096 613 5160 sterilibus
638 5096 736 5158 libere
761 5115 895 5176 pascere
918 5106 1072 5175 possunt,
1097 5105 1173 5176 post
1197 5115 1337 5158 messem
1361 5115 1440 5156 vero
1464 5093 1659 5154 kmethones
1683 5093 1714 5153 in
1732 5089 1883 5170 indagine
1905 5089 2010 5150 libere

451 5224 584 5286 pascere
617 5215 765 5284 possunt.
813 5203 894 5266 Item
927 5224 994 5266 non
1027 5203 1149 5266 debent
1181 5203 1288 5264 colere
1321 5202 1382 5283 ipsi
1414 5203 1539 5280 regenti
1572 5199 1633 5261 nisi
1657 5217 1754 5260 unum
1778 5217 1890 5258 verum
1914 5215 2013 5276 morgr

451 5312 540 5384 illuc,
564 5311 618 5372 ubi
643 5313 720 5392 ipsIs
744 5313 974 5374 monstraverit
998 5322 1031 5373 et
1055 5309 1331 5372 dimensuraverit.
1360 5307 1441 5370 Item
1467 5325 1527 5386 pro
1551 5305 1804 5368 arestacionibus
1828 5303 1869 5364 de
1892 5301 2010 5364 vicinis

451 5418 534 5480 villis
558 5439 616 5499 per
640 5437 737 5480 unum
761 5418 974 5500 quadrantem
998 5439 1017 5479 a
1042 5418 1145 5480 bestia
1169 5417 1318 5496 recipiat,
1350 5427 1383 5477 et
1411 5415 1500 5495 quod
1531 5413 1637 5475 solvat
1669 5413 1810 5492 dampna
1834 5411 1923 5471 iuxta
1946 5409 2010 5471 de-

452 5537 576 5588 cretum
600 5525 813 5588 scabinorum.
838 5525 920 5587 Item
944 5545 963 5586 a
979 5526 1178 5586 conductura
1195 5523 1321 5605 {rugum
1339 5523 1379 5584 ad
1396 5522 1602 5583 vendendum
1619 5520 1751 5581 omniuo
1768 5521 1832 5580 sint
1848 5516 2003 5580 absoluti.

451 5633 533 5697 Item
558 5633 679 5697 debent
702 5633 883 5696 conducere
908 5632 1067 5695 frumenta
1091 5631 1235 5694 estivalia
1260 5641 1292 5692 et
1315 5629 1454 5716 vernalia
1478 5629 1519 5689 ad
1543 5629 1677 5690 horeum
1702 5627 1844 5710 regentis
1861 5637 1894 5688 et
1911 5635 2010 5710 prata
