4416 6366
801 605 981 657 00000011
1002 602 1185 660 rma-irat.
1720 624 1781 688 109

1219 700 1468 708 —..-—.--—.—-
1476 699 1567 706 ψη,-
1577 699 1732 707 ---—.-
1746 702 1760 706 -
1769 701 1776 710 q

442 818 486 883 A.
516 821 614 899 1463,
638 819 762 900 Aprilis
791 833 842 900 15,
866 820 898 882 in
921 819 1073 901 capitulo,

338 961 425 1031 564.
450 965 513 1046 (ΙΙΙ.
539 965 614 1046 21⁰).
638 963 719 1028 Item
743 964 862 1027 ibidem
886 962 941 1024 dni
965 963 1197 1027 libertaverunt
1220 973 1253 1026 et
1276 963 1487 1026 absolverunt
1509 963 1608 1026 dnum
1624 963 1779 1025 Iacobum

228 1073 435 1136 scolasticum
468 1073 508 1135 de
540 1072 665 1135 duabus
696 1073 827 1145 marcis,
860 1093 942 1154 quas
973 1091 1032 1151 pro
1061 1071 1181 1133 fabrica
1204 1071 1340 1134 ecclesie
1364 1072 1439 1133 anni
1462 1072 1618 1134 currentis
1642 1081 1780 1146 tenetur,

227 1183 258 1242 in
283 1201 530 1262 recompensam
554 1182 620 1256 vie,
646 1199 742 1261 quam
766 1181 904 1242 faciebat
928 1182 959 1242 in
983 1179 1131 1242 Torun
1156 1179 1196 1241 ad
1220 1179 1260 1241 R.
1286 1179 1387 1242 Mtem
1412 1178 1453 1240 de
1476 1178 1636 1241 sinodo
1661 1198 1780 1260 gene-

228 1289 313 1351 rali
338 1291 377 1351 in
403 1289 616 1351 Lancicia
640 1287 819 1363 celebrata,
844 1288 885 1350 ad
909 1306 1005 1369 quam
1030 1285 1179 1348 sinodum
1204 1303 1261 1367 per
1283 1285 1459 1368 capitulum
1476 1284 1579 1348 luerat
1595 1285 1779 1366 deputatus

441 1482 484 1546 A.
514 1483 612 1562 1463.
637 1482 713 1544 Maii
738 1485 774 1556 8,
799 1482 830 1544 in
855 1481 1006 1562 capitulo.

336 1622 424 1690 565.
460 1625 522 1707 (III.
550 1625 625 1708 22⁰).
661 1625 784 1688 Ibidem
817 1646 877 1707 pro
900 1625 983 1686 felici
1007 1625 1058 1686 die
1082 1625 1223 1687 crastina
1246 1624 1364 1686 Rmi..
1390 1623 1443 1686 dni
1467 1621 1619 1684 Iohannis
1643 1621 1673 1684 d.
1698 1642 1728 1704 g.
1753 1641 1778 1684 s.

228 1729 351 1796 Gnezn.
376 1730 537 1818 [ecclesie]
568 1732 710 1813 archiepi
741 1743 774 1796 et
798 1733 942 1814 primatis
965 1731 1107 1796 adventu
1131 1751 1229 1793 unum
1253 1729 1354 1792 barile
1386 1731 1484 1792 vini
1515 1729 1683 1792 Italici
1706 1748 1781 1809 pro-

227 1839 428 1902 curatoribus
452 1840 519 1902 dari
544 1840 787 1904 mandaverunt.

440 2033 483 2096 A.
514 2034 611 2112 1463,
636 2031 716 2096 Iunii
741 2051 790 2112 30,
816 2034 847 2095 in
871 2033 1015 2114 capitulo
1038 2033 1192 2116 generali.

335 2171 421 2240 566.
458 2175 513 2256 (Ill
537 2176 616 2253 24⁰).
652 2176 775 2238 ibidem
799 2177 864 2240 dno
888 2177 1008 2239 Iacobo
1034 2177 1206 2240 scolastico
1230 2176 1259 2239 ΙΙ
1283 2196 1423 2250 marcas,
1452 2195 1547 2238 unam
1573 2175 1613 2237 de
1637 2172 1780 2255 presenti

226 2302 312 2344 anno
337 2292 369 2344 et
393 2283 487 2344 aliam
513 2282 553 2344 de
575 2283 682 2346 futuro
707 2285 857 2364 proxime
881 2286 1029 2366 sequenti
1053 2285 1183 2346 racione
1207 2285 1257 2346 vie
1281 2284 1312 2346 in
1337 2283 1493 2346 Torun
1518 2303 1576 2364 per
1600 2301 1672 2344 eum
1695 2280 1779 2343 facte

227 2388 433 2452 defalcandas
457 2389 498 2451 de
522 2391 630 2472 gracia
654 2391 866 2454 donaverunt.

334 2529 420 2597 567.
448 2533 551 2614 (ibid.)
574 2534 656 2596 item
679 2535 751 2596 dnis
771 2534 909 2596 Nicolao
933 2533 1051 2597 Scudla
1075 2544 1108 2597 et
1131 2554 1226 2618 mgro
1251 2533 1388 2596 Nicolao
1412 2531 1535 2596 Costen
1559 2550 1617 2613 per
1641 2529 1779 2592 mediam

227 2658 367 2702 marcam
392 2659 452 2720 pro
475 2641 527 2701 via
550 2642 581 2702 in
606 2640 764 2704 Torun
788 2642 828 2703 de
853 2642 960 2724 gracia
984 2641 1196 2704 donaverunt.

439 2816 480 2878 A.
511 2818 609 2895 1463,
635 2817 830 2882 Novembris
859 2836 913 2892 12,
937 2819 967 2880 10
992 2817 1135 2900 capitulo
1158 2817 1309 2900 generali.

335 2954 420 3023 568.
445 2958 510 3038 (ΙΙΙ.
538 2959 616 3038 28⁰).
651 2957 923 3041 Capitulum
948 2961 1177 3042 generale
1201 2981 1260 3042 pro
1284 2961 1369 3024 sesto
1393 2981 1416 3022 s
1441 2959 1570 3022 Martini
1599 2959 1692 3037 1464.
1717 2957 1779 3018 Die

225 3065 411 3130 Sabbato„
436 3065 540 3127 Rmus
555 3113 583 3128 ..
608 3065 691 3128 dnus
715 3065 867 3130 Andreas
891 3067 919 3130 d.
946 3089 976 3149 g.
1002 3069 1093 3148 Epus
1116 3068 1210 3132 Pozn.
1236 3089 1363 3130 necnon
1387 3087 1494 3130 vener.
1528 3077 1561 3130 et
1583 3065 1699 3128 honor.
1724 3063 1778 3126 dni

225 3173 316 3235 Uriel
340 3173 380 3234 de
404 3171 516 3234 Gorka
539 3175 741 3254 prepositus,
773 3174 881 3236 Adam
906 3177 947 3237 de
971 3175 1168 3238 Dambrowa
1194 3176 1350 3248 decanuS,
1382 3175 1536 3238 Nicolaus
1564 3173 1605 3235 de
1628 3171 1779 3235 Glambo·

225 3301 318 3342 czecz
334 3279 593 3352 archidiaconus,
618 3280 732 3343 Pertus
749 3282 789 3343 de
806 3281 951 3363 Pnyewy
969 3295 1090 3357 cantor,
1115 3283 1268 3345 Nicolaus
1289 3282 1329 3344 de
1345 3279 1493 3344 Sobotha
1516 3291 1628 3342 custos
1644 3278 1779 3341 vicarius

226 3389 256 3449 10
281 3386 506 3468 Spiritualibus
529 3398 562 3451 et
586 3387 747 3474 officialis⁷
772 3390 908 3452 Iacobus
932 3392 973 3453 de
997 3391 1207 3473 Wygonowo
1228 3391 1430 3452 decretorum
1447 3389 1564 3450 doctor
1580 3385 1778 3456 scolasticus,
1797 3469 1801 3478 ι

225 3494 379 3558 Nicolaus
403 3495 443 3557 de
467 3494 585 3558 Scudla
609 3495 806 3558 Srzemensis
838 3508 870 3560 et
894 3497 1091 3561 Vincencius
1115 3499 1155 3560 de
1178 3497 1381 3562 Strzalkowo
1404 3495 1604 3558 Pczewensis
1627 3491 1777 3554 archidia-

224 3603 313 3674 coni,
349 3601 500 3665 Clemens
528 3601 569 3664 de
602 3602 800 3676 Drzewicza,
836 3604 976 3668 Mathias
1007 3605 1047 3668 de
1079 3609 1191 3668 minori
1224 3605 1406 3685 Croznyno,
1439 3603 1599 3665 lohannes
1623 3601 1778 3670 Wiscote,

223 3709 384 3771 Iohannes
408 3709 449 3771 de
472 3709 676 3782 Twardowo,
710 3709 926 3792 Sandivogius
950 3711 991 3774 de
1015 3711 1180 3784 Sobotha,
1211 3711 1398 3793 Stephanus
1422 3712 1462 3773 de
1487 3709 1592 3782 Chibi‚
1627 3708 1778 3769 Andreas

224 3817 264 3878 de
289 3816 462 3898 Rogalin0‚
486 3837 565 3899 mgr.
590 3818 744 3880 Nicolaus
767 3819 807 3880 de
831 3817 954 3882 Costen
978 3820 1182 3882 decretorum
1206 3821 1329 3894 doctor,
1358 3818 1536 3882 Stanislaus
1559 3817 1600 3878 de
1623 3815 1769 3878 Plesewo

225 3922 401 4005 Gregorius
426 3924 466 3986 de
490 3923 614 4005 Skolry,
646 3925 851 3988 Bernhardus
883 3927 923 3988 de
948 3927 1156 4000 Bruczlrowo,
1189 3927 1302 3990 Petrus
1326 3926 1498 4006 Barczsky‚
1527 3923 1706 3987 Stanislaus
1738 3923 1778 3986 de

224 4031 349 4112 Mlyny,
374 4030 623 4094 Bartholomeus
648 4033 688 4095 de
713 4031 966 4114 Dobyeschewo
990 4045 1023 4097 et
1047 4033 1205 4098 Albertus
1228 4034 1362 4096 Walach
1388 4033 1427 4096 de
1451 4032 1692 4114 Lagyewnyky
1709 4051 1777 4112 pre-

223 4138 279 4202 lati
304 4149 337 4202 et
359 4137 507 4200 canonici
531 4137 666 4201 ecclesie
689 4139 950 4204 Poznaniensis..
975 4141 1006 4203 in
1023 4142 1164 4222 capitulo
1182 4142 1324 4224 generali
1340 4141 1558 4223 capitulariter
1574 4139 1775 4220 congregati.

437 4315 479 4376 A.
509 4317 605 4394 1463,
629 4315 824 4380 Novembris
853 4320 906 4391 16,
931 4319 961 4380 in
986 4319 1129 4400 capitulo
1153 4318 1303 4400 generali.

332 4451 419 4520 569.
444 4455 506 4536 (ΙΙΙ.
533 4456 595 4534 30).
627 4455 792 4522 Statutum
821 4460 862 4522 de
886 4461 1091 4525 studentibus
1114 4471 1277 4524 cassatum
1300 4461 1351 4522 hic
1376 4471 1434 4524 est.
1458 4497 1502 4506 -
1526 4459 1648 4522 Ibidem
1673 4459 1778 4522 Rmus

223 4565 254 4624 in
279 4561 409 4625 Christo
435 4573 527 4640 pater
550 4563 632 4626 dnus
657 4564 809 4630 Andreas
833 4569 924 4649 Epus
948 4569 1087 4631 Poznan.
1113 4569 1173 4632 sub
1196 4567 1429 4632 ratihabicione
1445 4579 1478 4631 et
1494 4587 1655 4630 consensu
1671 4567 1778 4631 tocius

225 4669 356 4751 capituli
379 4679 536 4732 statutum
561 4671 601 4734 de
625 4673 897 4737 studentibus
921 4676 953 4736 in
977 4676 1110 4757 singulis
1135 4678 1233 4757 ipsius
1257 4677 1385 4756 punctis
1410 4685 1442 4738 et
1463 4675 1613 4738 clausulis
1638 4676 1777 4738 cassavit

223 4787 257 4839 01
274 4775 466 4848 annullavit,
492 4777 606 4840 nolens
630 4800 758 4842 exnunc
783 4792 815 4844 et
840 4782 985 4856 inantea,
1009 4805 1073 4864 quo
1097 4785 1138 4845 ad
1155 4783 1227 4845 illos
1243 4783 1418 4852 duntaxat,
1443 4783 1496 4862 qui
1513 4782 1553 4844 de
1576 4781 1704 4846 Italia
1728 4803 1777 4844 ve·

226 4885 318 4946 01001
341 4904 406 4945 000
431 4885 603 4966 completis
620 4907 662 4948 ex
679 4889 806 4970 integro
823 4890 854 4951 10
872 4890 979 4952 studio
996 4892 1147 4953 continue
1163 4891 1264 4954 tribus
1288 4889 1388 4962 annis,
1415 4889 1599 4952 huiusmodi
1622 4899 1777 4952 statutum

222 4991 322 5054 robur
344 4990 465 5054 habere
489 4991 622 5056 alicuius
645 4994 813 5058 firmitatis.

437 5167 480 5230 A.
511 5169 608 5247 1464,
631 5169 767 5232 Ianuarii
793 5187 842 5249 30.
868 5173 899 5233 10
923 5173 1075 5254 capitulo¹

332 5305 418 5373 576.
456 5309 520 5390 (111.
548 5311 626 5394 31⁰).
664 5278 787 5374 Ibidem
821 5313 935 5393 prelati
966 5314 1021 5375 dni
1051 5313 1134 5375 dnos
1158 5314 1329 5376 Nicolaum
1353 5315 1521 5378 custodem
1546 5325 1580 5377 et
1604 5313 1774 5376 Nicolaum

220 5415 342 5478 Scudla
364 5415 626 5481 archidiaconum
650 5417 874 5482 Srzemensem
899 5419 939 5482 ad
963 5420 1178 5482 sinodum
1210 5421 1240 5480 in
1274 5421 1502 5512 Lancicia
1531 5442 1590 5503 pro
1615 5421 1775 5482 dominica

220 5523 340 5586 Letare
363 5522 590 5587 celebrandam
613 5526 867 5606 deputaverunt,
892 5527 1007 5608 quibus
1032 5536 1129 5607 prout
1153 5524 1284 5588 Gnezne
1308 5527 1349 5588 ad
1366 5529 1503 5590 eandem
1520 5529 1774 5592 convencionem

220 5629 374 5692 euntibus
397 5629 551 5696 solvetur.
