<?xml version="1.0" encoding="UTF-8"?>
<!DOCTYPE html PUBLIC "-//W3C//DTD XHTML 1.0 Transitional//EN"
    "http://www.w3.org/TR/xhtml1/DTD/xhtml1-transitional.dtd">
<html xmlns="http://www.w3.org/1999/xhtml" xml:lang="en" lang="en">
 <head>
  <title>
</title>
<meta http-equiv="Content-Type" content="text/html;charset=utf-8" />
  <meta name='ocr-system' content='tesseract 3.04.00' />
  <meta name='ocr-capabilities' content='ocr_page ocr_carea ocr_par ocr_line ocrx_word'/>
</head>
<body>
  <div class='ocr_page' id='page_1' title='image "actacapitulorum00czubgoog_0069.png"; bbox 0 0 4458 6356; ppageno 0'>
   <div class='ocr_carea' id='block_1_1' title="bbox 832 560 1213 615">
    <p class='ocr_par' dir='ltr' id='par_1_1' title="bbox 832 560 1213 615">
     <span class='ocr_line' id='line_1_1' title="bbox 832 560 1213 615; baseline 0.003 -3"><span class='ocrx_word' id='word_1_1' title='bbox 832 563 1015 612; x_wconf 79' lang='lat' dir='ltr'><strong>ANNORUM</strong></span> <span class='ocrx_word' id='word_1_2' title='bbox 1036 560 1213 615; x_wconf 68' lang='lat'>1438-1442</span> 
     </span>
    </p>
   </div>
   <div class='ocr_carea' id='block_1_2' title="bbox 480 774 1028 856">
    <p class='ocr_par' dir='ltr' id='par_1_2' title="bbox 480 774 1028 856">
     <span class='ocr_line' id='line_1_2' title="bbox 480 774 1028 856; baseline 0.004 -18"><span class='ocrx_word' id='word_1_3' title='bbox 480 774 524 838; x_wconf 86' lang='lat' dir='ltr'><strong>A:</strong></span> <span class='ocrx_word' id='word_1_4' title='bbox 552 779 643 854; x_wconf 99' lang='grc'>1438,</span> <span class='ocrx_word' id='word_1_5' title='bbox 668 775 742 838; x_wconf 87' lang='lat' dir='ltr'><strong>Maii</strong></span> <span class='ocrx_word' id='word_1_6' title='bbox 766 789 795 854; x_wconf 92' lang='lat'><strong>7,</strong></span> <span class='ocrx_word' id='word_1_7' title='bbox 821 777 851 837; x_wconf 92' lang='lat' dir='ltr'><strong>in</strong></span> <span class='ocrx_word' id='word_1_8' title='bbox 876 775 1028 856; x_wconf 79' lang='lat' dir='ltr'><strong>capitulo</strong></span> 
     </span>
    </p>
   </div>
   <div class='ocr_carea' id='block_1_3' title="bbox 264 911 1821 1525">
    <p class='ocr_par' dir='ltr' id='par_1_3' title="bbox 264 911 1821 1525">
     <span class='ocr_line' id='line_1_3' title="bbox 376 911 1820 999; baseline -0.002 -18"><span class='ocrx_word' id='word_1_9' title='bbox 376 911 464 981; x_wconf 81' lang='lat'><strong>250.</strong></span> <span class='ocrx_word' id='word_1_10' title='bbox 500 916 536 996; x_wconf 92' lang='lat' dir='ltr'><strong>(I.</strong></span> <span class='ocrx_word' id='word_1_11' title='bbox 561 917 674 997; x_wconf 87' lang='lat'><strong>203)..</strong></span> <span class='ocrx_word' id='word_1_12' title='bbox 709 916 882 998; x_wconf 87' lang='lat' dir='ltr'><strong>Prescripti</strong></span> <span class='ocrx_word' id='word_1_13' title='bbox 905 916 960 979; x_wconf 91' lang='lat' dir='ltr'><strong>dni</strong></span> <span class='ocrx_word' id='word_1_14' title='bbox 983 917 1098 999; x_wconf 84' lang='lat' dir='ltr'><strong>prelati</strong></span> <span class='ocrx_word' id='word_1_15' title='bbox 1121 929 1155 980; x_wconf 85' lang='lat' dir='ltr'><strong>et</strong></span> <span class='ocrx_word' id='word_1_16' title='bbox 1179 919 1326 981; x_wconf 86' lang='lat' dir='ltr'><strong>canonici</strong></span> <span class='ocrx_word' id='word_1_17' title='bbox 1357 917 1469 980; x_wconf 92' lang='lat' dir='ltr'><strong>honor.</strong></span> <span class='ocrx_word' id='word_1_18' title='bbox 1505 917 1604 980; x_wconf 89' lang='lat' dir='ltr'><strong>dnum</strong></span> <span class='ocrx_word' id='word_1_19' title='bbox 1635 916 1820 997; x_wconf 84' lang='lat' dir='ltr'><strong>Philippum</strong></span> 
     </span>
     <span class='ocr_line' id='line_1_4' title="bbox 268 1023 1821 1106; baseline 0 -20"><span class='ocrx_word' id='word_1_20' title='bbox 268 1023 432 1086; x_wconf 89' lang='lat' dir='ltr'><strong>Ceczurad</strong></span> <span class='ocrx_word' id='word_1_21' title='bbox 455 1043 567 1086; x_wconf 85' lang='lat' dir='ltr'><strong>versus</strong></span> <span class='ocrx_word' id='word_1_22' title='bbox 602 1023 852 1087; x_wconf 87' lang='lat' dir='ltr'><strong>Cracoviam</strong></span> <span class='ocrx_word' id='word_1_23' title='bbox 887 1027 919 1086; x_wconf 92' lang='lat' dir='ltr'><strong>in</strong></span> <span class='ocrx_word' id='word_1_24' title='bbox 942 1024 1035 1087; x_wconf 83' lang='lat' dir='ltr'><strong>factis</strong></span> <span class='ocrx_word' id='word_1_25' title='bbox 1059 1023 1193 1087; x_wconf 88' lang='lat' dir='ltr'><strong>ecclesie</strong></span> <span class='ocrx_word' id='word_1_26' title='bbox 1217 1035 1251 1088; x_wconf 88' lang='lat' dir='ltr'><strong>et</strong></span> <span class='ocrx_word' id='word_1_27' title='bbox 1273 1023 1404 1106; x_wconf 89' lang='lat' dir='ltr'><strong>capituli</strong></span> <span class='ocrx_word' id='word_1_28' title='bbox 1433 1027 1549 1087; x_wconf 91' lang='lat' dir='ltr'><strong>iturum</strong></span> <span class='ocrx_word' id='word_1_29' title='bbox 1574 1023 1614 1085; x_wconf 85' lang='lat' dir='ltr'><strong>ad</strong></span> <span class='ocrx_word' id='word_1_30' title='bbox 1639 1024 1737 1086; x_wconf 91' lang='lat' dir='ltr'><strong>dnum</strong></span> <span class='ocrx_word' id='word_1_31' title='bbox 1762 1024 1821 1086; x_wconf 90' lang='lat' dir='ltr'><strong>Re·</strong></span> 
     </span>
     <span class='ocr_line' id='line_1_5' title="bbox 264 1129 1820 1213; baseline 0.001 -21"><span class='ocrx_word' id='word_1_32' title='bbox 264 1150 339 1212; x_wconf 81' lang='lat' dir='ltr'><strong>gem</strong></span> <span class='ocrx_word' id='word_1_33' title='bbox 363 1129 610 1211; x_wconf 82' lang='lat' dir='ltr'><strong>deputaverunt,</strong></span> <span class='ocrx_word' id='word_1_34' title='bbox 635 1132 686 1194; x_wconf 91' lang='lat' dir='ltr'><strong>cui</strong></span> <span class='ocrx_word' id='word_1_35' title='bbox 709 1131 900 1194; x_wconf 89' lang='lat' dir='ltr'><strong>octodecem</strong></span> <span class='ocrx_word' id='word_1_36' title='bbox 926 1152 1051 1194; x_wconf 83' lang='lat' dir='ltr'><strong>marcas</strong></span> <span class='ocrx_word' id='word_1_37' title='bbox 1075 1153 1135 1212; x_wconf 90' lang='lat' dir='ltr'><strong>pro</strong></span> <span class='ocrx_word' id='word_1_38' title='bbox 1152 1132 1204 1194; x_wconf 90' lang='lat' dir='ltr'><strong>via</strong></span> <span class='ocrx_word' id='word_1_39' title='bbox 1220 1141 1253 1194; x_wconf 89' lang='lat' dir='ltr'><strong>et</strong></span> <span class='ocrx_word' id='word_1_40' title='bbox 1276 1133 1430 1213; x_wconf 88' lang='lat' dir='ltr'><strong>expensis</strong></span> <span class='ocrx_word' id='word_1_41' title='bbox 1453 1132 1575 1193; x_wconf 87' lang='lat' dir='ltr'><strong>dandas</strong></span> <span class='ocrx_word' id='word_1_42' title='bbox 1599 1131 1820 1204; x_wconf 87' lang='lat' dir='ltr'><strong>decreverunt,</strong></span> 
     </span>
     <span class='ocr_line' id='line_1_6' title="bbox 265 1237 1818 1321; baseline 0.001 -23"><span class='ocrx_word' id='word_1_43' title='bbox 265 1237 496 1318; x_wconf 85' lang='lat' dir='ltr'><strong>promittentes</strong></span> <span class='ocrx_word' id='word_1_44' title='bbox 519 1239 578 1300; x_wconf 92' lang='lat' dir='ltr'><strong>sibi</strong></span> <span class='ocrx_word' id='word_1_45' title='bbox 603 1237 643 1300; x_wconf 91' lang='lat' dir='ltr'><strong>de</strong></span> <span class='ocrx_word' id='word_1_46' title='bbox 667 1239 806 1320; x_wconf 88' lang='lat' dir='ltr'><strong>panibus</strong></span> <span class='ocrx_word' id='word_1_47' title='bbox 830 1238 1181 1321; x_wconf 90' lang='lat' dir='ltr'><strong>distribucionibusque</strong></span> <span class='ocrx_word' id='word_1_48' title='bbox 1212 1239 1362 1302; x_wconf 94' lang='lat' dir='ltr'><strong>omnibus</strong></span> <span class='ocrx_word' id='word_1_49' title='bbox 1386 1251 1418 1302; x_wconf 91' lang='lat' dir='ltr'><strong>et</strong></span> <span class='ocrx_word' id='word_1_50' title='bbox 1443 1241 1588 1318; x_wconf 87' lang='lat' dir='ltr'><strong>exequiis</strong></span> <span class='ocrx_word' id='word_1_51' title='bbox 1612 1238 1818 1318; x_wconf 84' lang='lat' dir='ltr'><strong>respondere,</strong></span> 
     </span>
     <span class='ocr_line' id='line_1_7' title="bbox 266 1345 1819 1428; baseline 0.001 -23"><span class='ocrx_word' id='word_1_52' title='bbox 266 1353 299 1406; x_wconf 90' lang='lat' dir='ltr'><strong>et</strong></span> <span class='ocrx_word' id='word_1_53' title='bbox 323 1345 355 1406; x_wconf 91' lang='lat' dir='ltr'><strong>in</strong></span> <span class='ocrx_word' id='word_1_54' title='bbox 378 1364 463 1420; x_wconf 83' lang='lat' dir='ltr'><strong>casu,</strong></span> <span class='ocrx_word' id='word_1_55' title='bbox 492 1366 556 1426; x_wconf 91' lang='lat' dir='ltr'><strong>quo</strong></span> <span class='ocrx_word' id='word_1_56' title='bbox 573 1345 633 1408; x_wconf 92' lang='lat' dir='ltr'><strong>sibi</strong></span> <span class='ocrx_word' id='word_1_57' title='bbox 658 1347 698 1408; x_wconf 91' lang='lat' dir='ltr'><strong>de</strong></span> <span class='ocrx_word' id='word_1_58' title='bbox 721 1345 796 1408; x_wconf 91' lang='lat' dir='ltr'><strong>villa</strong></span> <span class='ocrx_word' id='word_1_59' title='bbox 819 1345 932 1408; x_wconf 87' lang='lat' dir='ltr'><strong>eadem</strong></span> <span class='ocrx_word' id='word_1_60' title='bbox 957 1345 1131 1409; x_wconf 88' lang='lat' dir='ltr'><strong>Kelczewo</strong></span> <span class='ocrx_word' id='word_1_61' title='bbox 1154 1347 1194 1408; x_wconf 90' lang='lat' dir='ltr'><strong>ad</strong></span> <span class='ocrx_word' id='word_1_62' title='bbox 1218 1347 1464 1427; x_wconf 88' lang='lat' dir='ltr'><strong>promocionem</strong></span> <span class='ocrx_word' id='word_1_63' title='bbox 1488 1345 1650 1428; x_wconf 86' lang='lat' dir='ltr'><strong>pontilicis</strong></span> <span class='ocrx_word' id='word_1_64' title='bbox 1674 1365 1739 1407; x_wconf 92' lang='lat' dir='ltr'><strong>non</strong></span> <span class='ocrx_word' id='word_1_65' title='bbox 1763 1365 1819 1424; x_wconf 92' lang='lat' dir='ltr'><strong>po-</strong></span> 
     </span>
     <span class='ocr_line' id='line_1_8' title="bbox 268 1450 1224 1525; baseline 0.002 -12"><span class='ocrx_word' id='word_1_66' title='bbox 268 1452 343 1514; x_wconf 91' lang='lat' dir='ltr'><strong>terit</strong></span> <span class='ocrx_word' id='word_1_67' title='bbox 366 1450 527 1525; x_wconf 86' lang='lat' dir='ltr'><strong>reducere,</strong></span> <span class='ocrx_word' id='word_1_68' title='bbox 552 1461 673 1516; x_wconf 88' lang='lat' dir='ltr'><strong>extunc</strong></span> <span class='ocrx_word' id='word_1_69' title='bbox 696 1452 751 1514; x_wconf 93' lang='lat' dir='ltr'><strong>dni</strong></span> <span class='ocrx_word' id='word_1_70' title='bbox 775 1452 816 1515; x_wconf 89' lang='lat' dir='ltr'><strong>ad</strong></span> <span class='ocrx_word' id='word_1_71' title='bbox 840 1453 1039 1516; x_wconf 88' lang='lat' dir='ltr'><strong>solucionem</strong></span> <span class='ocrx_word' id='word_1_72' title='bbox 1064 1463 1224 1516; x_wconf 89' lang='lat' dir='ltr'><strong>tenentur.</strong></span> 
     </span>
    </p>
   </div>
   <div class='ocr_carea' id='block_1_4' title="bbox 480 1643 1059 1727">
    <p class='ocr_par' dir='ltr' id='par_1_4' title="bbox 480 1643 1059 1727">
     <span class='ocr_line' id='line_1_9' title="bbox 480 1643 1059 1727; baseline 0.002 -20"><span class='ocrx_word' id='word_1_73' title='bbox 480 1643 523 1707; x_wconf 88' lang='lat' dir='ltr'><strong>A.</strong></span> <span class='ocrx_word' id='word_1_74' title='bbox 555 1649 646 1724; x_wconf 83' lang='lat'>1438,</span> <span class='ocrx_word' id='word_1_75' title='bbox 671 1645 752 1708; x_wconf 92' lang='lat' dir='ltr'><strong>Iunii</strong></span> <span class='ocrx_word' id='word_1_76' title='bbox 781 1659 826 1726; x_wconf 87' lang='lat'><strong>17,</strong></span> <span class='ocrx_word' id='word_1_77' title='bbox 851 1648 882 1708; x_wconf 92' lang='lat' dir='ltr'><strong>in</strong></span> <span class='ocrx_word' id='word_1_78' title='bbox 907 1645 1059 1727; x_wconf 75' lang='lat' dir='ltr'><strong>capitulo</strong></span> 
     </span>
    </p>
   </div>
   <div class='ocr_carea' id='block_1_5' title="bbox 266 1782 1820 2083">
    <p class='ocr_par' dir='ltr' id='par_1_5' title="bbox 266 1782 1820 2083">
     <span class='ocr_line' id='line_1_10' title="bbox 375 1782 1819 1869; baseline -0.001 -18"><span class='ocrx_word' id='word_1_79' title='bbox 375 1782 461 1851; x_wconf 81' lang='lat'><strong>251.</strong></span> <span class='ocrx_word' id='word_1_80' title='bbox 487 1787 520 1868; x_wconf 85' lang='lat' dir='ltr'><strong>(I.</strong></span> <span class='ocrx_word' id='word_1_81' title='bbox 545 1789 631 1867; x_wconf 88' lang='lat'><strong>204).</strong></span> <span class='ocrx_word' id='word_1_82' title='bbox 657 1787 735 1851; x_wconf 91' lang='lat' dir='ltr'><strong>ltem</strong></span> <span class='ocrx_word' id='word_1_83' title='bbox 759 1785 980 1860; x_wconf 87' lang='lat' dir='ltr'><strong>decreverunt,</strong></span> <span class='ocrx_word' id='word_1_84' title='bbox 1005 1788 1093 1869; x_wconf 91' lang='lat' dir='ltr'><strong>quod</strong></span> <span class='ocrx_word' id='word_1_85' title='bbox 1116 1787 1229 1851; x_wconf 91' lang='lat' dir='ltr'><strong>honor.</strong></span> <span class='ocrx_word' id='word_1_86' title='bbox 1255 1788 1309 1850; x_wconf 94' lang='lat' dir='ltr'><strong>dni</strong></span> <span class='ocrx_word' id='word_1_87' title='bbox 1333 1788 1374 1851; x_wconf 91' lang='lat' dir='ltr'><strong>N.</strong></span> <span class='ocrx_word' id='word_1_88' title='bbox 1399 1787 1585 1851; x_wconf 86' lang='lat' dir='ltr'><strong>Lanthman</strong></span> <span class='ocrx_word' id='word_1_89' title='bbox 1609 1798 1641 1851; x_wconf 90' lang='lat' dir='ltr'><strong>et</strong></span> <span class='ocrx_word' id='word_1_90' title='bbox 1658 1785 1819 1850; x_wconf 86' lang='lat' dir='ltr'><strong>lohannes</strong></span> 
     </span>
     <span class='ocr_line' id='line_1_11' title="bbox 266 1891 1820 1976; baseline 0.001 -22"><span class='ocrx_word' id='word_1_91' title='bbox 266 1891 419 1956; x_wconf 88' lang='lat' dir='ltr'><strong>Rakwicz</strong></span> <span class='ocrx_word' id='word_1_92' title='bbox 443 1894 619 1976; x_wconf 87' lang='lat' dir='ltr'><strong>expediant</strong></span> <span class='ocrx_word' id='word_1_93' title='bbox 642 1892 707 1957; x_wconf 92' lang='lat' dir='ltr'><strong>duo</strong></span> <span class='ocrx_word' id='word_1_94' title='bbox 730 1913 808 1956; x_wconf 87' lang='lat' dir='ltr'><strong>vasa</strong></span> <span class='ocrx_word' id='word_1_95' title='bbox 832 1893 897 1956; x_wconf 91' lang='lat' dir='ltr'><strong>vini</strong></span> <span class='ocrx_word' id='word_1_96' title='bbox 920 1895 952 1956; x_wconf 94' lang='lat' dir='ltr'><strong>in</strong></span> <span class='ocrx_word' id='word_1_97' title='bbox 976 1894 1136 1956; x_wconf 87' lang='lat' dir='ltr'><strong>Poznania</strong></span> <span class='ocrx_word' id='word_1_98' title='bbox 1160 1915 1219 1976; x_wconf 91' lang='lat' dir='ltr'><strong>pro</strong></span> <span class='ocrx_word' id='word_1_99' title='bbox 1244 1895 1308 1956; x_wconf 87' lang='lat' dir='ltr'><strong>dna</strong></span> <span class='ocrx_word' id='word_1_100' title='bbox 1338 1894 1502 1976; x_wconf 86' lang='lat' dir='ltr'><strong>Regina</strong></span> <span class='ocrx_word' id='word_1_101' title='bbox 1533 1895 1726 1968; x_wconf 85' lang='lat' dir='ltr'><strong>Polonie‚</strong></span> <span class='ocrx_word' id='word_1_102' title='bbox 1757 1915 1820 1975; x_wconf 86' lang='lat' dir='ltr'><strong>que</strong></span> 
     </span>
     <span class='ocr_line' id='line_1_12' title="bbox 266 2000 1587 2083; baseline 0.003 -23"><span class='ocrx_word' id='word_1_103' title='bbox 266 2000 417 2064; x_wconf 88' lang='lat' dir='ltr'><strong>dixerunt</strong></span> <span class='ocrx_word' id='word_1_104' title='bbox 440 2020 476 2064; x_wconf 87' lang='lat' dir='ltr'><strong>se</strong></span> <span class='ocrx_word' id='word_1_105' title='bbox 500 2001 664 2064; x_wconf 89' lang='lat' dir='ltr'><strong>soluturos</strong></span> <span class='ocrx_word' id='word_1_106' title='bbox 687 2001 728 2063; x_wconf 90' lang='lat' dir='ltr'><strong>ad</strong></span> <span class='ocrx_word' id='word_1_107' title='bbox 752 2001 869 2065; x_wconf 85' lang='lat' dir='ltr'><strong>festum</strong></span> <span class='ocrx_word' id='word_1_108' title='bbox 894 2001 925 2064; x_wconf 91' lang='lat' dir='ltr'><strong>b.</strong></span> <span class='ocrx_word' id='word_1_109' title='bbox 950 2001 1034 2065; x_wconf 90' lang='lat' dir='ltr'><strong>Petri</strong></span> <span class='ocrx_word' id='word_1_110' title='bbox 1057 2013 1090 2064; x_wconf 91' lang='lat' dir='ltr'><strong>et</strong></span> <span class='ocrx_word' id='word_1_111' title='bbox 1114 2001 1202 2064; x_wconf 88' lang='lat' dir='ltr'><strong>Pauli</strong></span> <span class='ocrx_word' id='word_1_112' title='bbox 1225 2002 1365 2082; x_wconf 88' lang='lat' dir='ltr'><strong>apostol.</strong></span> <span class='ocrx_word' id='word_1_113' title='bbox 1391 2003 1587 2083; x_wconf 86' lang='lat' dir='ltr'><strong>proximum.</strong></span> 
     </span>
    </p>
   </div>
   <div class='ocr_carea' id='block_1_6' title="bbox 478 2193 1186 2278">
    <p class='ocr_par' dir='ltr' id='par_1_6' title="bbox 478 2193 1186 2278">
     <span class='ocr_line' id='line_1_13' title="bbox 478 2193 1186 2278; baseline 0.003 -22"><span class='ocrx_word' id='word_1_114' title='bbox 478 2193 522 2257; x_wconf 88' lang='lat' dir='ltr'><strong>A.</strong></span> <span class='ocrx_word' id='word_1_115' title='bbox 551 2197 643 2273; x_wconf 87' lang='lat'>1338,</span> <span class='ocrx_word' id='word_1_116' title='bbox 667 2193 735 2256; x_wconf 91' lang='lat' dir='ltr'><strong>Iulii</strong></span> <span class='ocrx_word' id='word_1_117' title='bbox 764 2211 787 2270; x_wconf 88' lang='lat'><strong>1,</strong></span> <span class='ocrx_word' id='word_1_118' title='bbox 812 2195 843 2257; x_wconf 94' lang='lat' dir='ltr'><strong>in</strong></span> <span class='ocrx_word' id='word_1_119' title='bbox 868 2195 1010 2276; x_wconf 88' lang='lat' dir='ltr'><strong>capitulo</strong></span> <span class='ocrx_word' id='word_1_120' title='bbox 1034 2195 1186 2278; x_wconf 84' lang='lat' dir='ltr'><strong>generali.</strong></span> 
     </span>
    </p>
   </div>
   <div class='ocr_carea' id='block_1_7' title="bbox 265 2331 1895 2632">
    <p class='ocr_par' dir='ltr' id='par_1_7' title="bbox 265 2331 1895 2632">
     <span class='ocr_line' id='line_1_14' title="bbox 373 2331 1820 2418; baseline 0.001 -20"><span class='ocrx_word' id='word_1_121' title='bbox 373 2331 459 2399; x_wconf 81' lang='lat'><strong>252.</strong></span> <span class='ocrx_word' id='word_1_122' title='bbox 484 2335 517 2415; x_wconf 91' lang='lat' dir='ltr'><strong>(l.</strong></span> <span class='ocrx_word' id='word_1_123' title='bbox 544 2335 645 2418; x_wconf 82' lang='lat'><strong>204⁰).</strong></span> <span class='ocrx_word' id='word_1_124' title='bbox 678 2335 714 2397; x_wconf 95' lang='lat' dir='ltr'><strong>ln</strong></span> <span class='ocrx_word' id='word_1_125' title='bbox 740 2337 851 2417; x_wconf 90' lang='lat' dir='ltr'><strong>primis</strong></span> <span class='ocrx_word' id='word_1_126' title='bbox 874 2335 989 2399; x_wconf 91' lang='lat' dir='ltr'><strong>honor.</strong></span> <span class='ocrx_word' id='word_1_127' title='bbox 1014 2347 1047 2398; x_wconf 90' lang='lat' dir='ltr'><strong>et</strong></span> <span class='ocrx_word' id='word_1_128' title='bbox 1077 2336 1229 2417; x_wconf 83' lang='lat' dir='ltr'><strong>religioso</strong></span> <span class='ocrx_word' id='word_1_129' title='bbox 1261 2337 1337 2399; x_wconf 90' lang='lat' dir='ltr'><strong>viris</strong></span> <span class='ocrx_word' id='word_1_130' title='bbox 1366 2335 1437 2398; x_wconf 91' lang='lat' dir='ltr'><strong>dnis</strong></span> <span class='ocrx_word' id='word_1_131' title='bbox 1469 2335 1606 2398; x_wconf 88' lang='lat' dir='ltr'><strong>Nicolao</strong></span> <span class='ocrx_word' id='word_1_132' title='bbox 1637 2336 1763 2398; x_wconf 89' lang='lat' dir='ltr'><strong>officiali</strong></span> <span class='ocrx_word' id='word_1_133' title='bbox 1786 2349 1820 2400; x_wconf 90' lang='lat' dir='ltr'><strong>et</strong></span> 
     </span>
     <span class='ocr_line' id='line_1_15' title="bbox 266 2439 1895 2525; baseline 0.003 -24"><span class='ocrx_word' id='word_1_134' title='bbox 266 2439 405 2503; x_wconf 90' lang='lat' dir='ltr'><strong>Nicolao</strong></span> <span class='ocrx_word' id='word_1_135' title='bbox 429 2441 608 2523; x_wconf 86' lang='lat' dir='ltr'><strong>inquisitori</strong></span> <span class='ocrx_word' id='word_1_136' title='bbox 633 2453 699 2506; x_wconf 86' lang='lat' dir='ltr'><strong>tres</strong></span> <span class='ocrx_word' id='word_1_137' title='bbox 723 2462 848 2506; x_wconf 82' lang='lat' dir='ltr'><strong>marcas</strong></span> <span class='ocrx_word' id='word_1_138' title='bbox 872 2443 904 2505; x_wconf 95' lang='lat' dir='ltr'><strong>in</strong></span> <span class='ocrx_word' id='word_1_139' title='bbox 928 2442 1015 2506; x_wconf 87' lang='lat' dir='ltr'><strong>lacto</strong></span> <span class='ocrx_word' id='word_1_140' title='bbox 1038 2442 1232 2506; x_wconf 89' lang='lat' dir='ltr'><strong>heretice</strong></span> <span class='ocrx_word' id='word_1_141' title='bbox 1256 2443 1488 2525; x_wconf 89' lang='lat' dir='ltr'><strong>pravitatis</strong></span> <span class='ocrx_word' id='word_1_142' title='bbox 1511 2444 1551 2505; x_wconf 91' lang='lat' dir='ltr'><strong>ad</strong></span> <span class='ocrx_word' id='word_1_143' title='bbox 1569 2444 1668 2506; x_wconf 92' lang='lat' dir='ltr'><strong>dnum</strong></span> <span class='ocrx_word' id='word_1_144' title='bbox 1686 2444 1818 2507; x_wconf 89' lang='lat' dir='ltr'><strong>Archie·</strong></span> <span class='ocrx_word' id='word_1_145' title='bbox 1891 2509 1895 2518; x_wconf 68' lang='grc'>,</span> 
     </span>
     <span class='ocr_line' id='line_1_16' title="bbox 265 2545 1517 2632; baseline 0.005 -24"><span class='ocrx_word' id='word_1_146' title='bbox 265 2566 342 2628; x_wconf 92' lang='lat' dir='ltr'><strong>pum</strong></span> <span class='ocrx_word' id='word_1_147' title='bbox 366 2545 488 2610; x_wconf 90' lang='lat' dir='ltr'><strong>Gnezn.</strong></span> <span class='ocrx_word' id='word_1_148' title='bbox 514 2569 574 2630; x_wconf 91' lang='lat' dir='ltr'><strong>pro</strong></span> <span class='ocrx_word' id='word_1_149' title='bbox 599 2549 650 2612; x_wconf 80' lang='lat' dir='ltr'><strong>via</strong></span> <span class='ocrx_word' id='word_1_150' title='bbox 673 2569 786 2612; x_wconf 89' lang='lat' dir='ltr'><strong>versus</strong></span> <span class='ocrx_word' id='word_1_151' title='bbox 810 2549 966 2632; x_wconf 93' lang='lat' dir='ltr'><strong>oppidum</strong></span> <span class='ocrx_word' id='word_1_152' title='bbox 990 2550 1125 2632; x_wconf 86' lang='lat' dir='ltr'><strong>Zneyna</strong></span> <span class='ocrx_word' id='word_1_153' title='bbox 1149 2550 1272 2614; x_wconf 85' lang='lat' dir='ltr'><strong>dandas</strong></span> <span class='ocrx_word' id='word_1_154' title='bbox 1295 2551 1517 2614; x_wconf 87' lang='lat' dir='ltr'><strong>decreverunt.</strong></span> 
     </span>
    </p>
   </div>
   <div class='ocr_carea' id='block_1_8' title="bbox 479 2739 1220 2826">
    <p class='ocr_par' dir='ltr' id='par_1_8' title="bbox 479 2739 1220 2826">
     <span class='ocr_line' id='line_1_17' title="bbox 479 2739 1220 2826; baseline 0.004 -23"><span class='ocrx_word' id='word_1_155' title='bbox 479 2739 521 2803; x_wconf 90' lang='lat' dir='ltr'><strong>A.</strong></span> <span class='ocrx_word' id='word_1_156' title='bbox 551 2745 641 2822; x_wconf 85' lang='lat'>1438,</span> <span class='ocrx_word' id='word_1_157' title='bbox 665 2741 734 2804; x_wconf 91' lang='lat' dir='ltr'><strong>Iulii</strong></span> <span class='ocrx_word' id='word_1_158' title='bbox 759 2743 821 2824; x_wconf 84' lang='lat'>5¹),</span> <span class='ocrx_word' id='word_1_159' title='bbox 846 2744 879 2805; x_wconf 93' lang='lat' dir='ltr'><strong>in</strong></span> <span class='ocrx_word' id='word_1_160' title='bbox 902 2743 1044 2825; x_wconf 86' lang='lat' dir='ltr'><strong>capitulo</strong></span> <span class='ocrx_word' id='word_1_161' title='bbox 1069 2743 1220 2826; x_wconf 81' lang='lat' dir='ltr'><strong>generali.</strong></span> 
     </span>
    </p>
   </div>
   <div class='ocr_carea' id='block_1_9' title="bbox 263 2879 1819 4034">
    <p class='ocr_par' dir='ltr' id='par_1_9' title="bbox 263 2879 1819 4034">
     <span class='ocr_line' id='line_1_18' title="bbox 372 2879 1819 2970; baseline 0.002 -22"><span class='ocrx_word' id='word_1_162' title='bbox 372 2879 459 2948; x_wconf 79' lang='lat'><strong>253.</strong></span> <span class='ocrx_word' id='word_1_163' title='bbox 484 2883 519 2965; x_wconf 89' lang='grc' dir='ltr'><strong>(Ι.</strong></span> <span class='ocrx_word' id='word_1_164' title='bbox 546 2884 630 2966; x_wconf 78' lang='grc'>205).</span> <span class='ocrx_word' id='word_1_165' title='bbox 665 2883 747 2948; x_wconf 91' lang='lat' dir='ltr'><strong>Item</strong></span> <span class='ocrx_word' id='word_1_166' title='bbox 779 2884 897 2947; x_wconf 90' lang='lat' dir='ltr'><strong>ibidem</strong></span> <span class='ocrx_word' id='word_1_167' title='bbox 930 2885 1046 2946; x_wconf 89' lang='lat' dir='ltr'><strong>eodem</strong></span> <span class='ocrx_word' id='word_1_168' title='bbox 1077 2885 1214 2948; x_wconf 86' lang='lat' dir='ltr'><strong>durante</strong></span> <span class='ocrx_word' id='word_1_169' title='bbox 1237 2884 1382 2965; x_wconf 89' lang='lat' dir='ltr'><strong>capitulo</strong></span> <span class='ocrx_word' id='word_1_170' title='bbox 1406 2885 1548 2966; x_wconf 83' lang='lat' dir='ltr'><strong>generali</strong></span> <span class='ocrx_word' id='word_1_171' title='bbox 1572 2888 1740 2970; x_wconf 90' lang='lat' dir='ltr'><strong>prescripti</strong></span> <span class='ocrx_word' id='word_1_172' title='bbox 1765 2888 1819 2951; x_wconf 93' lang='lat' dir='ltr'><strong>dni</strong></span> 
     </span>
     <span class='ocr_line' id='line_1_19' title="bbox 264 2989 1818 3076; baseline 0.005 -26"><span class='ocrx_word' id='word_1_173' title='bbox 264 2989 379 3071; x_wconf 83' lang='lat' dir='ltr'><strong>prelati</strong></span> <span class='ocrx_word' id='word_1_174' title='bbox 395 3000 428 3053; x_wconf 91' lang='lat' dir='ltr'><strong>et</strong></span> <span class='ocrx_word' id='word_1_175' title='bbox 444 2991 607 3064; x_wconf 89' lang='lat' dir='ltr'><strong>canonici,</strong></span> <span class='ocrx_word' id='word_1_176' title='bbox 633 2991 824 3054; x_wconf 80' lang='lat' dir='ltr'><strong>tractatibus</strong></span> <span class='ocrx_word' id='word_1_177' title='bbox 848 3011 947 3073; x_wconf 89' lang='lat' dir='ltr'><strong>super</strong></span> <span class='ocrx_word' id='word_1_178' title='bbox 969 2991 1177 3054; x_wconf 88' lang='lat' dir='ltr'><strong>restitucione</strong></span> <span class='ocrx_word' id='word_1_179' title='bbox 1200 3012 1305 3054; x_wconf 89' lang='lat' dir='ltr'><strong>rerum</strong></span> <span class='ocrx_word' id='word_1_180' title='bbox 1331 2991 1466 3056; x_wconf 90' lang='lat' dir='ltr'><strong>ecclesie</strong></span> <span class='ocrx_word' id='word_1_181' title='bbox 1483 2991 1621 3056; x_wconf 88' lang='lat' dir='ltr'><strong>Poznan.</strong></span> <span class='ocrx_word' id='word_1_182' title='bbox 1638 3015 1696 3076; x_wconf 91' lang='lat' dir='ltr'><strong>per</strong></span> <span class='ocrx_word' id='word_1_183' title='bbox 1712 3016 1818 3058; x_wconf 89' lang='lat' dir='ltr'><strong>vener.</strong></span> 
     </span>
     <span class='ocr_line' id='line_1_20' title="bbox 264 3097 1819 3180; baseline 0.006 -23"><span class='ocrx_word' id='word_1_184' title='bbox 264 3097 366 3158; x_wconf 91' lang='lat' dir='ltr'><strong>virum</strong></span> <span class='ocrx_word' id='word_1_185' title='bbox 391 3097 490 3159; x_wconf 90' lang='lat' dir='ltr'><strong>dnum</strong></span> <span class='ocrx_word' id='word_1_186' title='bbox 515 3097 749 3180; x_wconf 85' lang='lat' dir='ltr'><strong>Przedvogium</strong></span> <span class='ocrx_word' id='word_1_187' title='bbox 774 3099 814 3161; x_wconf 92' lang='lat' dir='ltr'><strong>de</strong></span> <span class='ocrx_word' id='word_1_188' title='bbox 839 3097 961 3162; x_wconf 89' lang='lat' dir='ltr'><strong>Grandi</strong></span> <span class='ocrx_word' id='word_1_189' title='bbox 987 3101 1190 3180; x_wconf 91' lang='lat' dir='ltr'><strong>prepositum</strong></span> <span class='ocrx_word' id='word_1_190' title='bbox 1215 3097 1380 3162; x_wconf 89' lang='lat' dir='ltr'><strong>Gneznen.</strong></span> <span class='ocrx_word' id='word_1_191' title='bbox 1406 3099 1558 3164; x_wconf 85' lang='lat' dir='ltr'><strong>defuncto</strong></span> <span class='ocrx_word' id='word_1_192' title='bbox 1575 3100 1640 3164; x_wconf 93' lang='lat' dir='ltr'><strong>dno</strong></span> <span class='ocrx_word' id='word_1_193' title='bbox 1657 3101 1819 3166; x_wconf 85' lang='lat' dir='ltr'><strong>Stanislao</strong></span> 
     </span>
     <span class='ocr_line' id='line_1_21' title="bbox 265 3203 1819 3288; baseline 0.005 -24"><span class='ocrx_word' id='word_1_194' title='bbox 265 3203 337 3284; x_wconf 90' lang='lat' dir='ltr'><strong>Epo</strong></span> <span class='ocrx_word' id='word_1_195' title='bbox 361 3203 437 3264; x_wconf 90' lang='lat' dir='ltr'><strong>olim</strong></span> <span class='ocrx_word' id='word_1_196' title='bbox 461 3203 673 3268; x_wconf 85' lang='lat' dir='ltr'><strong>Poznaniensi</strong></span> <span class='ocrx_word' id='word_1_197' title='bbox 705 3215 909 3286; x_wconf 82' lang='lat' dir='ltr'><strong>receptarum</strong></span> <span class='ocrx_word' id='word_1_198' title='bbox 942 3207 1060 3268; x_wconf 87' lang='lat' dir='ltr'><strong>mutuis</strong></span> <span class='ocrx_word' id='word_1_199' title='bbox 1084 3206 1167 3270; x_wconf 89' lang='lat' dir='ltr'><strong>inter</strong></span> <span class='ocrx_word' id='word_1_200' title='bbox 1190 3227 1226 3268; x_wconf 89' lang='lat' dir='ltr'><strong>se</strong></span> <span class='ocrx_word' id='word_1_201' title='bbox 1250 3206 1443 3288; x_wconf 87' lang='lat' dir='ltr'><strong>prehabitis‚</strong></span> <span class='ocrx_word' id='word_1_202' title='bbox 1468 3207 1763 3274; x_wconf 85' lang='lat' dir='ltr'><strong>determinaverunt</strong></span> <span class='ocrx_word' id='word_1_203' title='bbox 1787 3221 1819 3272; x_wconf 89' lang='lat' dir='ltr'><strong>et</strong></span> 
     </span>
     <span class='ocr_line' id='line_1_22' title="bbox 264 3309 1819 3397; baseline 0.005 -27"><span class='ocrx_word' id='word_1_204' title='bbox 264 3309 502 3385; x_wconf 89' lang='lat' dir='ltr'><strong>concluserunt,</strong></span> <span class='ocrx_word' id='word_1_205' title='bbox 526 3311 613 3392; x_wconf 94' lang='lat' dir='ltr'><strong>quod</strong></span> <span class='ocrx_word' id='word_1_206' title='bbox 638 3312 741 3374; x_wconf 84' lang='lat' dir='ltr'><strong>dictas</strong></span> <span class='ocrx_word' id='word_1_207' title='bbox 765 3332 824 3386; x_wconf 91' lang='lat' dir='ltr'><strong>res,</strong></span> <span class='ocrx_word' id='word_1_208' title='bbox 850 3332 1045 3394; x_wconf 88' lang='lat' dir='ltr'><strong>quecunque</strong></span> <span class='ocrx_word' id='word_1_209' title='bbox 1068 3324 1143 3376; x_wconf 91' lang='lat' dir='ltr'><strong>sunt</strong></span> <span class='ocrx_word' id='word_1_210' title='bbox 1167 3313 1252 3376; x_wconf 91' lang='lat' dir='ltr'><strong>dicte</strong></span> <span class='ocrx_word' id='word_1_211' title='bbox 1276 3314 1412 3376; x_wconf 83' lang='lat' dir='ltr'><strong>ecclesie</strong></span> <span class='ocrx_word' id='word_1_212' title='bbox 1436 3313 1531 3376; x_wconf 88' lang='lat' dir='ltr'><strong>Pozn.</strong></span> <span class='ocrx_word' id='word_1_213' title='bbox 1556 3315 1597 3376; x_wconf 90' lang='lat' dir='ltr'><strong>ad</strong></span> <span class='ocrx_word' id='word_1_214' title='bbox 1621 3317 1819 3397; x_wconf 86' lang='lat' dir='ltr'><strong>recognicio-</strong></span> 
     </span>
     <span class='ocr_line' id='line_1_23' title="bbox 265 3417 1819 3502; baseline 0.005 -24"><span class='ocrx_word' id='word_1_215' title='bbox 265 3437 339 3478; x_wconf 91' lang='lat' dir='ltr'><strong>nem</strong></span> <span class='ocrx_word' id='word_1_216' title='bbox 364 3427 397 3480; x_wconf 91' lang='lat' dir='ltr'><strong>et</strong></span> <span class='ocrx_word' id='word_1_217' title='bbox 421 3417 658 3481; x_wconf 83' lang='lat' dir='ltr'><strong>confessionem</strong></span> <span class='ocrx_word' id='word_1_218' title='bbox 694 3419 824 3482; x_wconf 88' lang='lat' dir='ltr'><strong>testium</strong></span> <span class='ocrx_word' id='word_1_219' title='bbox 855 3440 953 3500; x_wconf 88' lang='lat' dir='ltr'><strong>super</strong></span> <span class='ocrx_word' id='word_1_220' title='bbox 988 3420 1084 3482; x_wconf 87' lang='lat' dir='ltr'><strong>rebus</strong></span> <span class='ocrx_word' id='word_1_221' title='bbox 1115 3420 1236 3483; x_wconf 89' lang='lat' dir='ltr'><strong>eisdem</strong></span> <span class='ocrx_word' id='word_1_222' title='bbox 1268 3421 1470 3483; x_wconf 89' lang='lat' dir='ltr'><strong>inductorum</strong></span> <span class='ocrx_word' id='word_1_223' title='bbox 1496 3431 1528 3483; x_wconf 90' lang='lat' dir='ltr'><strong>et</strong></span> <span class='ocrx_word' id='word_1_224' title='bbox 1551 3433 1755 3502; x_wconf 88' lang='lat' dir='ltr'><strong>receptorum</strong></span> <span class='ocrx_word' id='word_1_225' title='bbox 1781 3444 1819 3486; x_wconf 88' lang='lat' dir='ltr'><strong>ac</strong></span> 
     </span>
     <span class='ocr_line' id='line_1_24' title="bbox 265 3524 1818 3611; baseline 0.004 -25"><span class='ocrx_word' id='word_1_226' title='bbox 265 3524 366 3586; x_wconf 89' lang='lat' dir='ltr'><strong>eciam</strong></span> <span class='ocrx_word' id='word_1_227' title='bbox 391 3524 535 3598; x_wconf 83' lang='lat' dir='ltr'><strong>aliorum,</strong></span> <span class='ocrx_word' id='word_1_228' title='bbox 561 3527 730 3588; x_wconf 88' lang='lat' dir='ltr'><strong>restituere</strong></span> <span class='ocrx_word' id='word_1_229' title='bbox 754 3535 910 3600; x_wconf 84' lang='lat' dir='ltr'><strong>teneatur,</strong></span> <span class='ocrx_word' id='word_1_230' title='bbox 935 3526 1032 3590; x_wconf 91' lang='lat' dir='ltr'><strong>rebus</strong></span> <span class='ocrx_word' id='word_1_231' title='bbox 1049 3527 1125 3590; x_wconf 86' lang='lat' dir='ltr'><strong>dicti</strong></span> <span class='ocrx_word' id='word_1_232' title='bbox 1149 3528 1203 3588; x_wconf 89' lang='lat' dir='ltr'><strong>dni</strong></span> <span class='ocrx_word' id='word_1_233' title='bbox 1226 3526 1377 3589; x_wconf 81' lang='lat' dir='ltr'><strong>Stanislai</strong></span> <span class='ocrx_word' id='word_1_234' title='bbox 1402 3527 1464 3607; x_wconf 85' lang='lat' dir='ltr'><strong>Epi</strong></span> <span class='ocrx_word' id='word_1_235' title='bbox 1488 3529 1643 3608; x_wconf 89' lang='lat' dir='ltr'><strong>exceptis,</strong></span> <span class='ocrx_word' id='word_1_236' title='bbox 1667 3529 1708 3590; x_wconf 90' lang='lat' dir='ltr'><strong>ad</strong></span> <span class='ocrx_word' id='word_1_237' title='bbox 1731 3530 1818 3611; x_wconf 91' lang='lat' dir='ltr'><strong>quod</strong></span> 
     </span>
     <span class='ocr_line' id='line_1_25' title="bbox 263 3631 1818 3715; baseline 0.004 -22"><span class='ocrx_word' id='word_1_238' title='bbox 263 3631 443 3694; x_wconf 87' lang='lat' dir='ltr'><strong>laciendum</strong></span> <span class='ocrx_word' id='word_1_239' title='bbox 478 3633 583 3695; x_wconf 87' lang='lat' dir='ltr'><strong>dictus</strong></span> <span class='ocrx_word' id='word_1_240' title='bbox 619 3633 702 3696; x_wconf 89' lang='lat' dir='ltr'><strong>dnus</strong></span> <span class='ocrx_word' id='word_1_241' title='bbox 733 3633 931 3715; x_wconf 85' lang='lat' dir='ltr'><strong>Predvogius</strong></span> <span class='ocrx_word' id='word_1_242' title='bbox 967 3635 1154 3714; x_wconf 92' lang='lat' dir='ltr'><strong>prepositus</strong></span> <span class='ocrx_word' id='word_1_243' title='bbox 1188 3654 1281 3696; x_wconf 90' lang='lat' dir='ltr'><strong>suum</strong></span> <span class='ocrx_word' id='word_1_244' title='bbox 1312 3633 1430 3696; x_wconf 87' lang='lat' dir='ltr'><strong>ibidem</strong></span> <span class='ocrx_word' id='word_1_245' title='bbox 1456 3633 1583 3713; x_wconf 90' lang='lat' dir='ltr'><strong>prebuit</strong></span> <span class='ocrx_word' id='word_1_246' title='bbox 1614 3655 1818 3708; x_wconf 89' lang='lat' dir='ltr'><strong>consensum,</strong></span> 
     </span>
     <span class='ocr_line' id='line_1_26' title="bbox 265 3739 1817 3822; baseline 0.005 -23"><span class='ocrx_word' id='word_1_247' title='bbox 265 3739 419 3819; x_wconf 91' lang='lat' dir='ltr'><strong>quodque</strong></span> <span class='ocrx_word' id='word_1_248' title='bbox 443 3759 494 3801; x_wconf 92' lang='lat' dir='ltr'><strong>res</strong></span> <span class='ocrx_word' id='word_1_249' title='bbox 518 3739 650 3802; x_wconf 88' lang='lat' dir='ltr'><strong>easdem</strong></span> <span class='ocrx_word' id='word_1_250' title='bbox 679 3740 719 3801; x_wconf 90' lang='lat' dir='ltr'><strong>ad</strong></span> <span class='ocrx_word' id='word_1_251' title='bbox 752 3740 893 3804; x_wconf 88' lang='lat' dir='ltr'><strong>medium</strong></span> <span class='ocrx_word' id='word_1_252' title='bbox 925 3741 1085 3803; x_wconf 90' lang='lat' dir='ltr'><strong>dictorum</strong></span> <span class='ocrx_word' id='word_1_253' title='bbox 1121 3741 1251 3803; x_wconf 91' lang='lat' dir='ltr'><strong>testium</strong></span> <span class='ocrx_word' id='word_1_254' title='bbox 1287 3760 1409 3822; x_wconf 88' lang='lat' dir='ltr'><strong>ponere</strong></span> <span class='ocrx_word' id='word_1_255' title='bbox 1442 3751 1474 3802; x_wconf 91' lang='lat' dir='ltr'><strong>ct</strong></span> <span class='ocrx_word' id='word_1_256' title='bbox 1507 3740 1683 3822; x_wconf 90' lang='lat' dir='ltr'><strong>producere</strong></span> <span class='ocrx_word' id='word_1_257' title='bbox 1719 3743 1817 3806; x_wconf 90' lang='lat' dir='ltr'><strong>debet</strong></span> 
     </span>
     <span class='ocr_line' id='line_1_27' title="bbox 264 3844 1817 3928; baseline 0.005 -22"><span class='ocrx_word' id='word_1_258' title='bbox 264 3845 403 3907; x_wconf 89' lang='lat' dir='ltr'><strong>sabbato</strong></span> <span class='ocrx_word' id='word_1_259' title='bbox 434 3855 511 3926; x_wconf 92' lang='lat' dir='ltr'><strong>post</strong></span> <span class='ocrx_word' id='word_1_260' title='bbox 542 3857 677 3910; x_wconf 89' lang='lat' dir='ltr'><strong>octavas</strong></span> <span class='ocrx_word' id='word_1_261' title='bbox 701 3846 911 3910; x_wconf 83' lang='lat' dir='ltr'><strong>Visitacionis</strong></span> <span class='ocrx_word' id='word_1_262' title='bbox 946 3847 1048 3910; x_wconf 88' lang='lat' dir='ltr'><strong>Marie</strong></span> <span class='ocrx_word' id='word_1_263' title='bbox 1079 3849 1230 3928; x_wconf 90' lang='lat' dir='ltr'><strong>proximo</strong></span> <span class='ocrx_word' id='word_1_264' title='bbox 1262 3844 1394 3910; x_wconf 90' lang='lat' dir='ltr'><strong>Gnezne</strong></span> <span class='ocrx_word' id='word_1_265' title='bbox 1425 3847 1485 3910; x_wconf 92' lang='lat' dir='ltr'><strong>sub</strong></span> <span class='ocrx_word' id='word_1_266' title='bbox 1509 3849 1817 3913; x_wconf 85' lang='lat' dir='ltr'><strong>excommunicacio-</strong></span> 
     </span>
     <span class='ocr_line' id='line_1_28' title="bbox 267 3953 432 4034; baseline 0.006 -21"><span class='ocrx_word' id='word_1_267' title='bbox 267 3953 314 4014; x_wconf 92' lang='lat' dir='ltr'><strong>nis</strong></span> <span class='ocrx_word' id='word_1_268' title='bbox 338 3973 432 4034; x_wconf 89' lang='lat' dir='ltr'><strong>pena.</strong></span> 
     </span>
    </p>
   </div>
   <div class='ocr_carea' id='block_1_10' title="bbox 264 4080 1816 4379">
    <p class='ocr_par' dir='ltr' id='par_1_10' title="bbox 264 4080 1816 4379">
     <span class='ocr_line' id='line_1_29' title="bbox 369 4080 1815 4168; baseline 0.003 -20"><span class='ocrx_word' id='word_1_269' title='bbox 369 4080 458 4149; x_wconf 78' lang='lat'><strong>254.</strong></span> <span class='ocrx_word' id='word_1_270' title='bbox 483 4085 517 4166; x_wconf 85' lang='lat' dir='ltr'><strong>(l.</strong></span> <span class='ocrx_word' id='word_1_271' title='bbox 544 4086 645 4166; x_wconf 82' lang='lat'><strong>205⁰).</strong></span> <span class='ocrx_word' id='word_1_272' title='bbox 679 4087 761 4150; x_wconf 88' lang='lat' dir='ltr'><strong>Item</strong></span> <span class='ocrx_word' id='word_1_273' title='bbox 785 4087 839 4149; x_wconf 92' lang='lat' dir='ltr'><strong>dni</strong></span> <span class='ocrx_word' id='word_1_274' title='bbox 863 4088 904 4150; x_wconf 92' lang='lat' dir='ltr'><strong>de</strong></span> <span class='ocrx_word' id='word_1_275' title='bbox 927 4088 1070 4167; x_wconf 84' lang='lat' dir='ltr'><strong>capitulo</strong></span> <span class='ocrx_word' id='word_1_276' title='bbox 1095 4087 1233 4150; x_wconf 89' lang='lat' dir='ltr'><strong>Poznan.</strong></span> <span class='ocrx_word' id='word_1_277' title='bbox 1262 4087 1302 4150; x_wconf 91' lang='lat' dir='ltr'><strong>de</strong></span> <span class='ocrx_word' id='word_1_278' title='bbox 1325 4086 1394 4151; x_wconf 87' lang='lat' dir='ltr'><strong>aliis</strong></span> <span class='ocrx_word' id='word_1_279' title='bbox 1418 4087 1524 4168; x_wconf 81' lang='lat' dir='ltr'><strong>rebus,</strong></span> <span class='ocrx_word' id='word_1_280' title='bbox 1549 4088 1698 4152; x_wconf 90' lang='lat' dir='ltr'><strong>videlicet</strong></span> <span class='ocrx_word' id='word_1_281' title='bbox 1722 4109 1815 4152; x_wconf 84' lang='lat' dir='ltr'><strong>orna-</strong></span> 
     </span>
     <span class='ocr_line' id='line_1_30' title="bbox 264 4191 1816 4276; baseline 0.004 -22"><span class='ocrx_word' id='word_1_282' title='bbox 264 4191 350 4254; x_wconf 91' lang='lat' dir='ltr'><strong>tibus</strong></span> <span class='ocrx_word' id='word_1_283' title='bbox 374 4201 407 4254; x_wconf 91' lang='lat' dir='ltr'><strong>et</strong></span> <span class='ocrx_word' id='word_1_284' title='bbox 431 4192 598 4267; x_wconf 89' lang='lat' dir='ltr'><strong>calicibus,</strong></span> <span class='ocrx_word' id='word_1_285' title='bbox 623 4213 732 4255; x_wconf 85' lang='lat' dir='ltr'><strong>coram</strong></span> <span class='ocrx_word' id='word_1_286' title='bbox 752 4214 860 4256; x_wconf 89' lang='lat' dir='ltr'><strong>vener.</strong></span> <span class='ocrx_word' id='word_1_287' title='bbox 885 4195 954 4256; x_wconf 91' lang='lat' dir='ltr'><strong>viro</strong></span> <span class='ocrx_word' id='word_1_288' title='bbox 979 4194 1044 4256; x_wconf 91' lang='lat' dir='ltr'><strong>dno</strong></span> <span class='ocrx_word' id='word_1_289' title='bbox 1068 4193 1197 4258; x_wconf 86' lang='lat' dir='ltr'><strong>Thoma</strong></span> <span class='ocrx_word' id='word_1_290' title='bbox 1225 4194 1458 4276; x_wconf 83' lang='lat' dir='ltr'><strong>Strzampinski</strong></span> <span class='ocrx_word' id='word_1_291' title='bbox 1482 4195 1617 4258; x_wconf 90' lang='lat' dir='ltr'><strong>doctore</strong></span> <span class='ocrx_word' id='word_1_292' title='bbox 1644 4196 1816 4272; x_wconf 90' lang='lat' dir='ltr'><strong>docebunt,</strong></span> 
     </span>
     <span class='ocr_line' id='line_1_31' title="bbox 264 4310 575 4379; baseline 0.01 -20"><span class='ocrx_word' id='word_1_293' title='bbox 264 4317 346 4379; x_wconf 84' lang='lat' dir='ltr'><strong>quas</strong></span> <span class='ocrx_word' id='word_1_294' title='bbox 374 4310 575 4379; x_wconf 88' lang='lat' dir='ltr'><strong>receperunt.</strong></span> 
     </span>
    </p>
   </div>
   <div class='ocr_carea' id='block_1_11' title="bbox 265 4426 1817 4835">
    <p class='ocr_par' dir='ltr' id='par_1_11' title="bbox 265 4426 1817 4835">
     <span class='ocr_line' id='line_1_32' title="bbox 371 4426 1817 4518; baseline 0.004 -24"><span class='ocrx_word' id='word_1_295' title='bbox 371 4426 459 4495; x_wconf 77' lang='lat'><strong>255.</strong></span> <span class='ocrx_word' id='word_1_296' title='bbox 485 4430 590 4512; x_wconf 87' lang='lat' dir='ltr'><strong>(Ibid.)</strong></span> <span class='ocrx_word' id='word_1_297' title='bbox 615 4431 695 4495; x_wconf 91' lang='lat' dir='ltr'><strong>Item</strong></span> <span class='ocrx_word' id='word_1_298' title='bbox 720 4433 838 4496; x_wconf 90' lang='lat' dir='ltr'><strong>ibidem</strong></span> <span class='ocrx_word' id='word_1_299' title='bbox 863 4455 970 4496; x_wconf 85' lang='lat' dir='ltr'><strong>vener.</strong></span> <span class='ocrx_word' id='word_1_300' title='bbox 993 4435 1050 4497; x_wconf 92' lang='lat' dir='ltr'><strong>vir.</strong></span> <span class='ocrx_word' id='word_1_301' title='bbox 1074 4434 1157 4498; x_wconf 91' lang='lat' dir='ltr'><strong>dnus</strong></span> <span class='ocrx_word' id='word_1_302' title='bbox 1182 4433 1397 4515; x_wconf 85' lang='lat' dir='ltr'><strong>Przedvogius</strong></span> <span class='ocrx_word' id='word_1_303' title='bbox 1421 4433 1462 4496; x_wconf 89' lang='lat' dir='ltr'><strong>de</strong></span> <span class='ocrx_word' id='word_1_304' title='bbox 1486 4431 1607 4496; x_wconf 90' lang='lat' dir='ltr'><strong>Grandi</strong></span> <span class='ocrx_word' id='word_1_305' title='bbox 1630 4439 1817 4518; x_wconf 86' lang='lat' dir='ltr'><strong>prepositus</strong></span> 
     </span>
     <span class='ocr_line' id='line_1_33' title="bbox 265 4534 1817 4622; baseline 0.006 -25"><span class='ocrx_word' id='word_1_306' title='bbox 265 4534 386 4598; x_wconf 89' lang='lat' dir='ltr'><strong>Gnezn.</strong></span> <span class='ocrx_word' id='word_1_307' title='bbox 410 4538 475 4600; x_wconf 93' lang='lat' dir='ltr'><strong>vim</strong></span> <span class='ocrx_word' id='word_1_308' title='bbox 499 4549 532 4602; x_wconf 90' lang='lat' dir='ltr'><strong>et</strong></span> <span class='ocrx_word' id='word_1_309' title='bbox 556 4538 706 4602; x_wconf 87' lang='lat' dir='ltr'><strong>eflectum</strong></span> <span class='ocrx_word' id='word_1_310' title='bbox 742 4541 907 4604; x_wconf 92' lang='lat' dir='ltr'><strong>citacionis</strong></span> <span class='ocrx_word' id='word_1_311' title='bbox 942 4552 1056 4604; x_wconf 90' lang='lat' dir='ltr'><strong>contra</strong></span> <span class='ocrx_word' id='word_1_312' title='bbox 1080 4552 1113 4604; x_wconf 90' lang='lat' dir='ltr'><strong>et</strong></span> <span class='ocrx_word' id='word_1_313' title='bbox 1137 4541 1292 4604; x_wconf 89' lang='lat' dir='ltr'><strong>adversus</strong></span> <span class='ocrx_word' id='word_1_314' title='bbox 1325 4539 1408 4602; x_wconf 94' lang='lat' dir='ltr'><strong>dnos</strong></span> <span class='ocrx_word' id='word_1_315' title='bbox 1439 4540 1479 4602; x_wconf 88' lang='lat' dir='ltr'><strong>de</strong></span> <span class='ocrx_word' id='word_1_316' title='bbox 1504 4541 1647 4622; x_wconf 86' lang='lat' dir='ltr'><strong>capitulo</strong></span> <span class='ocrx_word' id='word_1_317' title='bbox 1678 4541 1817 4606; x_wconf 84' lang='lat' dir='ltr'><strong>Poznan.</strong></span> 
     </span>
     <span class='ocr_line' id='line_1_34' title="bbox 269 4644 1817 4732; baseline 0.006 -28"><span class='ocrx_word' id='word_1_318' title='bbox 269 4663 306 4704; x_wconf 90' lang='lat' dir='ltr'><strong>ac</strong></span> <span class='ocrx_word' id='word_1_319' title='bbox 330 4644 429 4706; x_wconf 94' lang='lat' dir='ltr'><strong>dnum</strong></span> <span class='ocrx_word' id='word_1_320' title='bbox 453 4644 761 4710; x_wconf 88' lang='lat' dir='ltr'><strong>Administratorem</strong></span> <span class='ocrx_word' id='word_1_321' title='bbox 792 4647 965 4730; x_wconf 88' lang='lat' dir='ltr'><strong>impetrate</strong></span> <span class='ocrx_word' id='word_1_322' title='bbox 997 4648 1172 4730; x_wconf 82' lang='lat' dir='ltr'><strong>suspendit,</strong></span> <span class='ocrx_word' id='word_1_323' title='bbox 1197 4659 1230 4710; x_wconf 89' lang='lat' dir='ltr'><strong>et</strong></span> <span class='ocrx_word' id='word_1_324' title='bbox 1254 4649 1356 4711; x_wconf 89' lang='lat' dir='ltr'><strong>eciam</strong></span> <span class='ocrx_word' id='word_1_325' title='bbox 1381 4668 1446 4728; x_wconf 91' lang='lat' dir='ltr'><strong>quo</strong></span> <span class='ocrx_word' id='word_1_326' title='bbox 1469 4648 1510 4710; x_wconf 91' lang='lat' dir='ltr'><strong>ad</strong></span> <span class='ocrx_word' id='word_1_327' title='bbox 1534 4669 1691 4730; x_wconf 84' lang='lat' dir='ltr'><strong>personas</strong></span> <span class='ocrx_word' id='word_1_328' title='bbox 1720 4651 1817 4732; x_wconf 92' lang='lat' dir='ltr'><strong>ipsius</strong></span> 
     </span>
     <span class='ocr_line' id='line_1_35' title="bbox 268 4751 650 4835; baseline 0.01 -23"><span class='ocrx_word' id='word_1_329' title='bbox 268 4751 403 4813; x_wconf 90' lang='lat' dir='ltr'><strong>ecclesie</strong></span> <span class='ocrx_word' id='word_1_330' title='bbox 426 4751 605 4835; x_wconf 84' lang='lat' dir='ltr'><strong>singulares</strong></span> <span class='ocrx_word' id='word_1_331' title='bbox 621 4753 650 4835; x_wconf 49' lang='grc' dir='ltr'><strong>ἓ),</strong></span> 
     </span>
    </p>
   </div>
   <div class='ocr_carea' id='block_1_12' title="bbox 479 4907 1224 5030">
    <p class='ocr_par' dir='ltr' id='par_1_12' title="bbox 479 4907 1224 5030">
     <span class='ocr_line' id='line_1_36' title="bbox 479 4907 1224 5030; baseline 0.005 -22"><span class='ocrx_word' id='word_1_332' title='bbox 479 4946 522 5009; x_wconf 93' lang='lat' dir='ltr'><strong>A.</strong></span> <span class='ocrx_word' id='word_1_333' title='bbox 553 4907 644 5026; x_wconf 72' lang='grc'>1442,</span> <span class='ocrx_word' id='word_1_334' title='bbox 668 4946 746 5008; x_wconf 92' lang='lat' dir='ltr'><strong>lunii</strong></span> <span class='ocrx_word' id='word_1_335' title='bbox 772 4963 824 5029; x_wconf 83' lang='lat'><strong>30,</strong></span> <span class='ocrx_word' id='word_1_336' title='bbox 849 4948 880 5009; x_wconf 92' lang='lat' dir='ltr'><strong>in</strong></span> <span class='ocrx_word' id='word_1_337' title='bbox 905 4949 1048 5028; x_wconf 88' lang='lat' dir='ltr'><strong>capitulo</strong></span> <span class='ocrx_word' id='word_1_338' title='bbox 1073 4947 1224 5030; x_wconf 86' lang='lat' dir='ltr'><strong>generali.</strong></span> 
     </span>
    </p>
   </div>
   <div class='ocr_carea' id='block_1_13' title="bbox 264 5085 1819 5278">
    <p class='ocr_par' dir='ltr' id='par_1_13' title="bbox 264 5085 1819 5278">
     <span class='ocr_line' id='line_1_37' title="bbox 370 5085 1819 5171; baseline -0.002 -16"><span class='ocrx_word' id='word_1_339' title='bbox 370 5085 457 5154; x_wconf 81' lang='grc'>256.</span> <span class='ocrx_word' id='word_1_340' title='bbox 483 5089 533 5170; x_wconf 88' lang='lat' dir='ltr'><strong>(ll.</strong></span> <span class='ocrx_word' id='word_1_341' title='bbox 563 5089 598 5169; x_wconf 90' lang='grc'>1).</span> <span class='ocrx_word' id='word_1_342' title='bbox 634 5089 781 5150; x_wconf 79' lang='lat' dir='ltr'><strong>Examen</strong></span> <span class='ocrx_word' id='word_1_343' title='bbox 815 5090 949 5152; x_wconf 91' lang='lat' dir='ltr'><strong>testium</strong></span> <span class='ocrx_word' id='word_1_344' title='bbox 981 5099 1094 5153; x_wconf 84' lang='lat' dir='ltr'><strong>contra</strong></span> <span class='ocrx_word' id='word_1_345' title='bbox 1126 5109 1252 5171; x_wconf 85' lang='lat' dir='ltr'><strong>mgrum</strong></span> <span class='ocrx_word' id='word_1_346' title='bbox 1284 5089 1425 5153; x_wconf 83' lang='lat' dir='ltr'><strong>Cloczek</strong></span> <span class='ocrx_word' id='word_1_347' title='bbox 1459 5089 1725 5152; x_wconf 91' lang='lat' dir='ltr'><strong>hereticum</strong></span> <span class='ocrx_word' id='word_1_348' title='bbox 1762 5110 1819 5170; x_wconf 87' lang='lat' dir='ltr'><strong>per</strong></span> 
     </span>
     <span class='ocr_line' id='line_1_38' title="bbox 264 5195 1813 5278; baseline -0.001 -19"><span class='ocrx_word' id='word_1_349' title='bbox 264 5197 362 5260; x_wconf 93' lang='lat' dir='ltr'><strong>dnum</strong></span> <span class='ocrx_word' id='word_1_350' title='bbox 386 5197 493 5278; x_wconf 85' lang='lat' dir='ltr'><strong>Epum</strong></span> <span class='ocrx_word' id='word_1_351' title='bbox 514 5197 695 5260; x_wconf 89' lang='lat' dir='ltr'><strong>decretum:</strong></span> <span class='ocrx_word' id='word_1_352' title='bbox 730 5195 856 5259; x_wconf 89' lang='lat' dir='ltr'><strong>Primus</strong></span> <span class='ocrx_word' id='word_1_353' title='bbox 879 5197 973 5259; x_wconf 90' lang='lat' dir='ltr'><strong>testis</strong></span> <span class='ocrx_word' id='word_1_354' title='bbox 997 5207 1110 5259; x_wconf 84' lang='lat' dir='ltr'><strong>contra</strong></span> <span class='ocrx_word' id='word_1_355' title='bbox 1140 5197 1280 5260; x_wconf 84' lang='lat' dir='ltr'><strong>Cloczek</strong></span> <span class='ocrx_word' id='word_1_356' title='bbox 1316 5195 1486 5278; x_wconf 84' lang='lat' dir='ltr'><strong>Glimpach</strong></span> <span class='ocrx_word' id='word_1_357' title='bbox 1518 5216 1576 5277; x_wconf 91' lang='lat' dir='ltr'><strong>per</strong></span> <span class='ocrx_word' id='word_1_358' title='bbox 1600 5197 1813 5259; x_wconf 87' lang='lat' dir='ltr'><strong>iuramentum</strong></span> 
     </span>
    </p>
   </div>
   <div class='ocr_carea' id='block_1_14' title="bbox 372 5493 1787 5651">
    <p class='ocr_par' dir='ltr' id='par_1_14' title="bbox 372 5493 1787 5651">
     <span class='ocr_line' id='line_1_39' title="bbox 373 5493 1252 5562; baseline 0 -20"><span class='ocrx_word' id='word_1_359' title='bbox 373 5493 391 5562; x_wconf 88' lang='lat'><strong>¹)</strong></span> <span class='ocrx_word' id='word_1_360' title='bbox 411 5495 479 5543; x_wconf 82' lang='lat' dir='ltr'><strong>Dntn</strong></span> <span class='ocrx_word' id='word_1_361' title='bbox 498 5511 519 5542; x_wconf 88' lang='lat' dir='ltr'><strong>w</strong></span> <span class='ocrx_word' id='word_1_362' title='bbox 540 5493 670 5558; x_wconf 83' lang='lat' dir='ltr'><strong>oryginale</strong></span> <span class='ocrx_word' id='word_1_363' title='bbox 689 5495 801 5559; x_wconf 73' lang='lat' dir='ltr'><strong>opinus:</strong></span> <span class='ocrx_word' id='word_1_364' title='bbox 825 5495 889 5542; x_wconf 82' lang='lat' dir='ltr'><strong>»Die</strong></span> <span class='ocrx_word' id='word_1_365' title='bbox 909 5493 1009 5543; x_wconf 78' lang='lat' dir='ltr'><strong>Saturni</strong></span> <span class='ocrx_word' id='word_1_366' title='bbox 1028 5504 1097 5543; x_wconf 77' lang='lat' dir='ltr'><strong>sexta</strong></span> <span class='ocrx_word' id='word_1_367' title='bbox 1116 5511 1148 5545; x_wconf 89' lang='lat' dir='ltr'><strong>m.</strong></span> <span class='ocrx_word' id='word_1_368' title='bbox 1168 5495 1252 5543; x_wconf 79' lang='lat' dir='ltr'><strong>Iulii«.</strong></span> 
     </span>
     <span class='ocr_line' id='line_1_40' title="bbox 372 5581 1787 5651; baseline -0.001 -18"><span class='ocrx_word' id='word_1_369' title='bbox 372 5583 391 5651; x_wconf 71' lang='lat'><strong>⁵)</strong></span> <span class='ocrx_word' id='word_1_370' title='bbox 411 5583 479 5638; x_wconf 73' lang='lat' dir='ltr'><strong>Alite</strong></span> <span class='ocrx_word' id='word_1_371' title='bbox 498 5583 629 5648; x_wconf 83' lang='lat' dir='ltr'><strong>kapitulue</strong></span> <span class='ocrx_word' id='word_1_372' title='bbox 649 5583 805 5632; x_wconf 82' lang='lat' dir='ltr'><strong>Poznanskie</strong></span> <span class='ocrx_word' id='word_1_373' title='bbox 823 5601 835 5631; x_wconf 92' lang='lat' dir='ltr'>z</span> <span class='ocrx_word' id='word_1_374' title='bbox 854 5584 951 5648; x_wconf 83' lang='lat' dir='ltr'><strong>drugiej</strong></span> <span class='ocrx_word' id='word_1_375' title='bbox 971 5584 1072 5648; x_wconf 87' lang='lat' dir='ltr'><strong>polowy</strong></span> <span class='ocrx_word' id='word_1_376' title='bbox 1091 5601 1110 5632; x_wconf 88' lang='lat' dir='ltr'><strong>r.</strong></span> <span class='ocrx_word' id='word_1_377' title='bbox 1134 5583 1200 5644; x_wconf 81' lang='grc'>1438</span> <span class='ocrx_word' id='word_1_378' title='bbox 1220 5601 1277 5632; x_wconf 84' lang='lat' dir='ltr'><strong>oraz</strong></span> <span class='ocrx_word' id='word_1_379' title='bbox 1295 5599 1308 5632; x_wconf 85' lang='lat' dir='ltr'><strong><em>z</em></strong></span> <span class='ocrx_word' id='word_1_380' title='bbox 1327 5584 1362 5632; x_wconf 82' lang='lat' dir='ltr'><strong>lat</strong></span> <span class='ocrx_word' id='word_1_381' title='bbox 1386 5595 1460 5646; x_wconf 82' lang='lat'>1439,</span> <span class='ocrx_word' id='word_1_382' title='bbox 1484 5593 1558 5645; x_wconf 84' lang='lat'>1440,</span> <span class='ocrx_word' id='word_1_383' title='bbox 1583 5595 1642 5644; x_wconf 87' lang='grc'>1441</span> <span class='ocrx_word' id='word_1_384' title='bbox 1666 5581 1787 5646; x_wconf 66' lang='lat' dir='ltr'><strong>znginqu.</strong></span> 
     </span>
    </p>
   </div>
   <div class='ocr_carea' id='block_1_15' title="bbox 0 0 2234 6356">
    <p class='ocr_par' dir='ltr' id='par_1_15' title="bbox 0 0 2234 6356">
     <span class='ocr_line' id='line_1_41' title="bbox 0 0 2234 6356; baseline 0 0"><span class='ocrx_word' id='word_1_385' title='bbox 0 0 2234 6356; x_wconf 95' lang='lat' dir='ltr'><strong> </strong></span> 
     </span>
    </p>
   </div>
  </div>
 </body>
</html>
