4416 6366
804 571 982 621 nuuonuu
1003 567 1191 622 nas-1468.
1716 580 1773 645 115

284 669 289 674 .
305 667 373 674 ...ω--
386 667 408 674 -ι-
431 668 457 674 -..
471 667 645 673 ——.-.-
698 665 798 672 ..mu——
822 665 827 668 -
876 661 1099 670 -.--...-..--—·-—-
1164 661 1281 667 -..-..-.-

223 788 370 870 gramine
387 785 560 861 recreandi,
577 784 618 847 ad
634 785 801 847 fluviorum
814 803 977 846 murmura
990 781 1187 846 dormitandi
1199 792 1232 845 et
1245 791 1361 854 cetera,
1378 801 1442 862 que
1454 779 1611 853 libuerint,
1627 777 1775 854 faciendi;

221 893 447 957 nichilominus
471 902 581 956 tamen
605 912 664 973 pro
688 893 832 973 presenti
857 892 963 972 ipsum
988 890 1072 952 circa
1096 888 1267 952 ecclesiam
1291 888 1413 950 habere
1435 887 1584 950 volentes
1608 886 1648 948 de
1673 885 1777 948 omni-

220 1001 282 1064 bus
305 1000 553 1072 releccionibus,
577 999 818 1070 anniversariis,
842 998 937 1060 bullis
962 1009 994 1061 et
1012 999 1127 1062 ceteris
1144 997 1400 1059 obvencionibus
1418 995 1573 1057 universis
1590 1004 1777 1075 procurato-

222 1108 323 1182 ribus,
358 1107 400 1170 ad
435 1127 518 1189 quos
553 1105 734 1168 huiusmodi
769 1105 1036 1170 distribucionum
1070 1115 1197 1188 spectat
1229 1103 1403 1178 ordinacio,
1431 1113 1598 1183 tamquam
1623 1100 1776 1164 residenti

223 1215 420 1297 respondere
445 1212 687 1277 mandaverunt.

436 1407 478 1470 A.
509 1408 591 1486 1466
599 1457 605 1480 ,
629 1406 697 1470 Iulii
723 1424 757 1487 3,
782 1408 813 1468 in
838 1405 981 1487 capitulo
1005 1405 1157 1487 generali.

330 1545 418 1614 601.
452 1548 513 1631 (ΙΙΙ.
539 1549 600 1630 68).
631 1549 725 1611 Taxa
748 1569 808 1630 pro
833 1549 1074 1628 regestracione
1098 1547 1349 1628 privilegiorum.
1376 1545 1566 1608 -Ibidem
1591 1544 1645 1605 dni
1668 1542 1778 1606 rectili-

222 1667 335 1719 cantes
359 1667 516 1719 statutum
540 1655 757 1738 profestos.
783 1655 912 1718 Martini
936 1656 967 1716 in
992 1655 1137 1736 capitulo
1166 1654 1308 1735 generali
1342 1653 1382 1716 de
1413 1644 1654 1734 regestracione
1684 1653 1778 1731 privi-

223 1763 379 1844 legiorum
404 1763 524 1825 editum
548 1773 748 1846 statuerunt,
772 1775 807 1827 ut
829 1785 848 1824 a
871 1762 1018 1844 quolibet
1043 1762 1214 1846 privilegio
1239 1771 1424 1843 regestrato
1449 1781 1509 1840 pro
1533 1761 1645 1822 labore
1661 1761 1779 1823 notarii

222 1871 389 1932 solvantur
413 1891 473 1932 sex
496 1871 616 1952 grossi,
643 1871 734 1933 salvo
758 1870 883 1933 fertone
899 1891 919 1932 a
934 1869 1134 1952 sigillacione
1155 1869 1197 1932 ab
1215 1870 1348 1950 antiquo
1365 1867 1431 1930 dari
1449 1868 1555 1932 solito,
1580 1868 1653 1949 Que
1670 1880 1777 1933 autem

223 1977 389 2058 privilegia
413 1987 593 2058 regestrata
618 1998 683 2038 non
707 1977 836 2051 fuerint,
861 1997 922 2058 pro
946 1977 1034 2040 salsis
1058 1987 1091 2041 et
1115 1977 1276 2058 suspectis
1293 1997 1330 2039 ea
1347 1975 1467 2038 habere
1483 1985 1692 2052 censuerunt,
1717 1995 1777 2039 nec

222 2083 301 2164 ipsis
325 2085 475 2146 standum
500 2085 721 2148 decreverunt.

436 2278 479 2342 A.
511 2280 605 2356 1466,
629 2277 832 2359 Septembris
861 2295 907 2351 10,
932 2278 964 2340 in
987 2277 1139 2359 capitulo.

331 2417 417 2485 602.
442 2419 507 2500 (ΙΙΙ.
532 2422 597 2500 70).
621 2419 743 2481 Ibidem
769 2421 822 2482 dni
839 2420 1077 2501 deputaverunt
1093 2419 1192 2482 dnum
1211 2420 1403 2502 Rogalinski
1420 2423 1538 2484 iturum
1557 2422 1598 2483 ad
1615 2423 1654 2484 R.
1672 2421 1775 2484 Mtem

222 2531 254 2590 in
271 2528 444 2591 Thorun
462 2529 492 2589 in
510 2527 596 2591 sacto
613 2528 686 2590 ville
702 2526 908 2607 Sarbynowo
925 2539 997 2602 etc,
1014 2528 1065 2590 cui
1078 2547 1138 2608 pro
1151 2529 1306 2608 expensis
1323 2528 1370 2590 IV
1383 2548 1507 2592 marcas
1520 2530 1777 2611 assignaverunt.

438 2723 480 2785 A.
512 2722 594 2800 1466
603 2770 610 2796 ,
635 2720 831 2784 Novembris
860 2739 915 2801 14,
939 2722 971 2783 in
995 2721 1138 2802 capitulo
1162 2721 1313 2804 generali.

332 2861 419 2930 603.
445 2864 510 2947 (ΙΙΙ.
536 2863 602 2945 73).
634 2863 757 2926 Ibidem
782 2864 835 2925 dni
860 2865 1049 2928 dimiserunt
1073 2864 1175 2928 tribus
1199 2863 1432 2928 kmethonibus
1456 2867 1485 2927 in
1510 2866 1585 2928 villa
1609 2865 1698 2930 Gora
1721 2888 1780 2948 per

224 2975 322 3037 dnum
347 2973 606 3036 archidiaconum
630 2973 833 3036 nominandis
857 2983 993 3054 propter
1016 2973 1310 3036 vastationem
1334 2973 1575 3055 grandinis,
1599 2995 1658 3055 per
1681 2994 1778 3037 unum

225 3082 383 3145 fertonem
408 3081 596 3143 dimiserunt
620 3080 660 3142 de
684 3100 792 3143 censu.

439 3274 480 3336 A.
513 3275 603 3356 1467,
628 3273 794 3336 Februarii
820 3290 854 3352 3,
879 3273 909 3334 in
934 3272 1087 3354 capitulo

332 3412 420 3480 604.
446 3415 509 3496 (ΙΙΙ.
533 3416 603 3496 77⁰)
615 3465 639 3479 ..
665 3415 729 3477 Dni
742 3464 767 3478 ..
792 3414 968 3478 venerabili
992 3425 1025 3478 et
1049 3417 1184 3498 egregio
1201 3415 1267 3477 dno
1285 3413 1425 3478 Alberto
1442 3415 1483 3478 de
1499 3416 1620 3499 Magna
1638 3414 1780 3498 Opatow

225 3523 352 3586 doctori
376 3523 407 3584 in
431 3523 597 3585 medicinis
620 3523 845 3597 attendentes,
874 3522 963 3604 quod
987 3523 1145 3604 scriptura
1169 3543 1276 3596 sacra,
1302 3523 1333 3585 id
1357 3533 1407 3586 est
1431 3524 1560 3605 sapiens
1590 3523 1703 3588 ihesus
1734 3525 1781 3589 Si-

226 3631 302 3694 rach
333 3631 363 3692 in
388 3630 470 3693 libro
502 3651 561 3692 suo
592 3629 753 3692 honorare
784 3630 943 3692 medicum
974 3631 1145 3712 precipiat,
1179 3650 1251 3692 cum
1284 3651 1394 3693 eorum
1425 3641 1496 3693 arte
1526 3632 1678 3695 mortales
1702 3635 1780 3697 indi-

227 3749 327 3821 geant
351 3738 492 3800 maxime
509 3738 540 3799 in
557 3737 736 3820 egritudine
753 3739 934 3808 constituti
959 3757 1025 3800 non
1042 3738 1327 3819 ambigentesque,
1351 3738 1438 3818 quod
1463 3738 1547 3800 idem
1564 3738 1646 3801 dnus
1663 3740 1780 3805 doctor

227 3847 374 3927 personis
398 3844 624 3907 ecclesiasticis
648 3846 788 3906 maxime
812 3844 852 3906 de
877 3844 1019 3925 capitulo
1043 3843 1208 3918 fratribuS,
1244 3847 1269 3907 si
1301 3846 1373 3926 quis
1404 3845 1505 3924 ipsius
1529 3865 1629 3925 opera
1653 3857 1686 3909 et
1710 3859 1779 3912 arte

226 3951 414 4034 indiguerit,
447 3972 482 4014 se
506 3951 679 4014 faciliorem
705 3961 738 4014 et
761 3953 864 4034 magis
888 3950 1081 4014 benevolum
1114 3961 1213 4033 atque
1239 3951 1479 4033 dlligenciorem
1504 3951 1687 4028 exhibebit,
1719 3955 1779 4017 sibi

226 4059 334 4121 villam
358 4059 574 4140 Nyeslabyno
599 4070 675 4138 post
700 4069 838 4121 mortem
862 4059 939 4120 olim
964 4057 1115 4120 Iohannis
1139 4057 1377 4140 Twardowsky
1394 4060 1540 4120 canonici
1555 4057 1650 4125 Pozn.
1668 4082 1780 4124 vacan-

226 4177 293 4228 tem
318 4185 383 4228 non
407 4177 573 4248 tamquam
597 4165 638 4227 de
662 4165 775 4227 ordine
799 4166 859 4227 sibi
882 4165 1025 4230 debitam
1041 4214 1069 4228 ..
1093 4166 1151 4229 sed
1176 4165 1216 4227 de
1241 4185 1330 4228 mero
1346 4165 1457 4228 favore
1473 4185 1510 4228 ac
1528 4169 1779 4250 prescriptorum

227 4273 387 4336 intuitu..
413 4275 445 4334 in
469 4275 612 4355 regimen
637 4284 669 4336 et
693 4284 838 4336 tenutam
863 4272 1029 4336 dederunt.

442 4467 483 4528 A.
513 4467 610 4546 1468,
635 4467 740 4530 Martii
767 4483 817 4545 30,
842 4467 873 4528 in
897 4466 1049 4547 capitulo,

335 4603 422 4672 605.
448 4607 510 4687 (ΙΙΙ.
534 4608 601 4686 93⁰)
616 4659 645 4671 ..
670 4609 750 4683 Dni,
776 4610 828 4690 qui
853 4611 1015 4690 superius,
1041 4611 1243 4672 donaverunt
1268 4608 1333 4670 dno
1353 4609 1526 4672 scolastico
1540 4608 1781 4691 Wigonowsky

228 4734 369 4778 marcam
395 4735 455 4795 pro
479 4735 527 4788 e0,
552 4717 625 4796 quia
649 4736 758 4778 coram
783 4716 876 4779 dnis
905 4716 1175 4779 secularibus
1207 4717 1236 4778 in
1271 4715 1509 4797 Obornylry
1533 4737 1593 4797 pro
1617 4717 1781 4798 sepultura

227 4821 281 4882 dni
306 4820 407 4884 Score
430 4823 639 4904 congregatis
663 4824 816 4904 exposuit
841 4825 871 4885 in
897 4823 1035 4905 querelis
1059 4825 1186 4886 iniurias
1212 4823 1347 4888 ecclesie
1371 4834 1403 4886 et
1431 4824 1675 4904 impressiones,
1701 4844 1781 4904 quas

226 4928 310 4992 dnus
334 4930 523 5011 capitaneus
546 4929 683 4992 Poznan.
712 4932 860 5011 personis
884 4930 979 4995 insert
1002 4931 1237 4994 ecclesiasticis.

443 5123 485 5186 A.
517 5125 614 5202 1468,
639 5121 763 5204 Aprilis
792 5125 846 5198 16,
870 5126 902 5186 in
927 5124 1079 5206 capitulo

337 5263 424 5332 606.
450 5265 514 5348 (ΠΙ.
539 5265 609 5344 93⁰)
622 5315 646 5326 ..
672 5265 763 5328 Rdus
782 5275 875 5346 pater
892 5267 974 5330 dnus
991 5267 1094 5348 EpuS,
1112 5267 1313 5348 prepositus,
1338 5266 1486 5340 decanus
1504 5276 1628 5340 custos,
1650 5265 1780 5345 Skudla,

227 5373 468 5454 Drzevyczslry,
493 5372 724 5454 Sandivogius,
757 5372 896 5449 Costen,
928 5371 1106 5455 Skoczslry,
1132 5373 1284 5456 Mlinsky,
1316 5373 1510 5454 lablowsky,
1535 5373 1725 5454 Lukowsky
1750 5374 1781 5435 in

227 5482 316 5544 curia
341 5481 395 5542 dni
421 5479 575 5544 Officialis
598 5481 790 5561 congregati
815 5479 1053 5561 deputaverunt
1077 5481 1175 5544 dnum
1199 5480 1386 5562 lablowsky
1406 5481 1447 5543 ad
1463 5481 1563 5543 dnum
1579 5479 1780 5562 Archiepum

227 5589 362 5662 iturum,
388 5590 436 5650 cui
462 5609 521 5672 pro
545 5590 698 5669 expensis
723 5589 802 5651 duas
829 5608 952 5652 marcas
976 5590 1231 5671 assignaverunt.
