4458 6356
417 599 461 668 40
618 601 623 616 ·
921 587 1015 639 ACTA
1032 585 1194 640 CAPITULI
1213 587 1468 640 POZNANIENSIS

479 681 569 686 ——-
597 679 776 686 —---——
802 681 822 686 --
865 681 956 687 .-—-.-
1038 683 1078 687 -..
1101 683 1134 686 -
1154 682 1228 687 ...-...
1378 683 1386 686 -
1418 681 1449 686 ...-
1491 682 1521 686 —
1556 677 1968 687 ——.———--—--—-———·

524 798 630 860 Primo
654 799 738 862 enim
770 809 803 862 et
834 801 1051 882 principaliter
1082 801 1275 882 dispositum
1311 801 1438 874 existit,
1475 800 1562 882 quod
1594 821 1703 862 vener.
1736 820 1818 882 mgr.
1850 800 1969 880 Wys-

418 905 623 969 schotha
657 907 942 987 prepositus
977 906 1073 971 Pozn.
1105 907 1224 971 habeat
1255 908 1364 994 villam
1395 907 1578 970 Manczniki
1609 927 1682 970 cum
1712 917 1785 971 toto
1817 906 1969 978 dominio,

417 1033 535 1094 corpus
558 1033 636 1075 vero
660 1013 836 1094 capitulum
861 1013 986 1077 solvere
1011 1024 1168 1079 teneatur.

524 1121 605 1183 Item
630 1120 712 1182 dnus
743 1119 950 1184 Mathias
985 1121 1111 1202 Drya
1146 1121 1355 1184 decanus
1385 1121 1505 1184 habeat
1535 1142 1655 1202 corpus
1687 1141 1779 1184 suum
1811 1119 1971 1184 Lussowo

418 1235 451 1290 et
474 1227 580 1291 solvat
604 1228 746 1309 capitulo
769 1227 849 1292 XVI
874 1249 1008 1292 marcas.

524 1335 606 1398 Item
630 1335 713 1398 dnus
741 1335 974 1398 Nicolaus
1009 1347 1179 1400 cantor
1202 1337 1322 1400 habeat
1345 1357 1464 1419 corpus
1488 1356 1581 1400 suum
1605 1345 1638 1398 et
1660 1345 1839 1418 proventus
1863 1345 1973 1398 canto-

418 1443 463 1504 rIe
486 1445 517 1503 in
542 1442 660 1506 arenda
684 1453 717 1504 et
741 1443 847 1505 solvat
870 1443 1015 1523 capitulo
1039 1443 1117 1506 VIII
1141 1465 1273 1506 marcas,

525 1549 606 1612 Item
632 1549 935 1612 scolasticus
959 1549 1077 1614 habeat
1101 1571 1217 1632 corpus
1241 1571 1334 1614 suum
1358 1561 1391 1614 et
1415 1549 1522 1614 solvat
1545 1549 1606 1612 XII
1630 1570 1765 1616 marcas·

528 1669 948 1760 [Archidiaconus]
984 1674 1284 1738 Pczewensis
1318 1675 1437 1739 habeat
1467 1696 1586 1757 corpus
1617 1675 1895 1738 archidiaconatus
1926 1673 1974 1736 sui

418 1780 568 1843 videlicet
591 1780 639 1844 IV
663 1803 787 1844 marcas
811 1791 844 1844 et
865 1783 1025 1845 residuum
1050 1783 1225 1864 capitulum
1250 1781 1377 1846 solvere
1401 1783 1509 1846 debet.

528 1885 943 1974 [Archidiaconus]
983 1889 1283 1953 Srzemensis
1319 1889 1438 1952 habeat
1468 1909 1586 1971 corpus
1618 1909 1710 1952 suum
1741 1887 1822 1952 XIV
1849 1907 1974 1950 marcas

420 2003 453 2055 et
477 1994 637 2057 residuum
662 1995 768 2058 solvat
791 1996 976 2078 capitulum.

526 2100 608 2164 Item
633 2101 663 2163 D
676 2123 691 2164 r
703 2124 720 2164 z
732 2123 750 2165 e
763 2125 792 2164 w
805 2105 813 2164 i
827 2125 844 2164 c
857 2125 874 2165 z
887 2124 902 2166 s
915 2103 936 2164 k
950 2105 959 2164 i
983 2113 1093 2167 teneat
1116 2103 1208 2166 villas
1233 2105 1322 2166 iuxta
1346 2103 1599 2177 ordInacionem,
1625 2113 1657 2166 et
1674 2103 1714 2165 de
1731 2122 1870 2184 corpore
1893 2101 1974 2184 capi-

419 2207 521 2270 tulum
546 2209 766 2291 respondebit.

530 2316 562 2379 A
577 2317 672 2379 dam
697 2317 868 2380 doctor
891 2317 1009 2380 habeat
1033 2317 1099 2382 XX
1116 2339 1240 2381 marcas
1264 2319 1394 2380 racione
1418 2318 1563 2399 corporis
1586 2317 1635 2380 sui
1658 2329 1691 2380 et
1714 2317 1809 2380 nichil
1834 2316 1975 2398 capitulo

420 2423 548 2486 solvere
571 2423 677 2486 debet.

527 2529 759 2593 Nicolaus
783 2529 1167 2594 Dobeschewski
1190 2531 1310 2595 habeat
1335 2552 1453 2614 corpus
1471 2531 1635 2613 prebende
1652 2551 1717 2604 sue,
1734 2529 1883 2593 videlicet
1899 2529 1975 2592 Vlll

421 2657 561 2710 marcaS,
585 2648 618 2700 et
641 2636 802 2700 residuum
828 2639 1002 2718 capitulum
1028 2638 1088 2702 sibi
1112 2640 1227 2703 solvat.

523 2743 766 2825 Johannes
802 2743 829 2806 F
843 2765 998 2808 urman
1033 2745 1152 2809 habeat
1183 2767 1301 2828 corpus
1333 2745 1498 2827 prebende
1529 2766 1600 2818 sue,
1637 2755 1669 2808 et
1701 2745 1808 2808 solvat
1832 2743 1975 2825 capitulo

422 2851 531 2914 XVIII
555 2871 688 2914 marcas,

528 2959 737 3022 Przedvo
749 2961 854 3042 gius
888 2960 939 3022 de
975 2959 1151 3024 Grandi
1185 2959 1304 3024 habeat
1335 2980 1453 3042 corpus
1485 2960 1650 3042 prebende
1674 2981 1746 3034 sue,
1769 2959 1920 3022 videlicet
1943 2957 1976 3020 V

351 3053 353 3058 ⁵
423 3086 564 3138 marcas,
589 3077 622 3128 et
650 3067 811 3129 residuum
836 3067 943 3136 solvat
967 3069 1153 3148 capitulum.

529 3173 561 3236 V
574 3174 583 3234 i
597 3193 617 3234 n
631 3193 647 3234 c
661 3195 678 3235 e
692 3195 712 3234 n
725 3194 743 3235 c
757 3172 765 3234 i
780 3195 799 3236 u
813 3195 828 3236 s
853 3173 913 3237 Co
926 3185 939 3237 t
953 3175 973 3236 h
997 3177 1130 3256 recipiat
1153 3195 1271 3257 corpus
1295 3163 1461 3256 prebende
1485 3195 1549 3248 sue,
1574 3173 1723 3238 videlicet
1748 3173 1824 3236 VIII
1842 3193 1975 3254 marcas,

422 3290 456 3344 et
480 3281 641 3342 residuum
665 3281 842 3362 capitulum
866 3281 1042 3362 persolvat.

529 3387 761 3451 Nicolaus
796 3387 1137 3452 Glamboczski
1161 3388 1281 3451 habeat
1304 3389 1411 3450 villam
1438 3409 1497 3469 pro
1522 3409 1659 3469 corpore
1682 3407 1750 3450 sun.

526 3493 773 3573 Johannes
808 3495 1133 3559 Drzewiczski
1157 3495 1277 3558 habeat
1300 3515 1419 3577 corpus
1443 3511 1545 3570 suum,
1570 3495 1720 3557 videlicet
1743 3493 1819 3557 XIII
1843 3514 1978 3569 marcas

423 3612 456 3663 et
481 3601 642 3663 residuum
667 3603 843 3682 capitulum
867 3603 973 3668 solvit.

533 3707 787 3790 Philippus
822 3709 1065 3773 Ceczurad
1096 3709 1215 3773 habeat
1238 3729 1357 3791 corpus
1380 3729 1437 3772 sue
1461 3710 1625 3792 prebende
1649 3719 1682 3772 et
1706 3709 1812 3772 solvat
1836 3708 1978 3790 capitulo

423 3813 522 3878 XXX
545 3835 678 3878 marcas.

531 3921 750 3984 Clemens
785 3923 836 3986 de
871 3923 1145 3987 Drzewicza
1176 3923 1295 3988 habeat
1328 3945 1447 4007 corpus
1471 3947 1527 3987 sue
1552 3925 1717 4006 prebende
1740 3934 1773 3987 et
1797 3925 1904 3986 solvat
1928 3943 1974 3984 ca·

424 4028 529 4108 pitulo
545 4027 654 4092 XLIV
672 4049 807 4094 marcas.
821 4067 862 4076 —
876 4031 1006 4114 Expost
1023 4042 1135 4096 taxata
1151 4033 1193 4094 ad
1209 4031 1271 4094 XL
1287 4051 1412 4094 marcas
1430 4033 1461 4094 in
1478 4032 1620 4114 capitulo
1645 4031 1788 4113 generali
1812 4051 1838 4094 s.
1855 4029 1981 4110 Petri.¹)

530 4135 739 4200 Mathias
774 4137 1056 4202 Tarnowslri
1092 4140 1124 4200 in
1152 4137 1297 4202 Srzodka
1328 4137 1356 4200 II
1388 4159 1513 4201 marcas
1545 4150 1578 4202 et
1608 4139 1771 4200 residuum
1803 4137 1979 4217 capitulum

424 4243 600 4322 persolvat.

526 4349 543 4429 J
556 4369 574 4410 a
587 4369 602 4410 r
615 4370 635 4411 o
648 4371 663 4412 s
677 4349 687 4411 l
699 4372 718 4412 a
731 4373 751 4413 u
763 4372 779 4415 s
803 4351 830 4416 C
843 4373 862 4414 a
876 4353 926 4414 n'c
939 4373 959 4416 0
972 4353 981 4414 l
995 4373 1013 4416 e
1027 4375 1055 4414 w
1068 4373 1084 4416 s
1097 4353 1154 4434 ky
1179 4353 1298 4416 habeat
1322 4372 1440 4434 corpus
1464 4353 1630 4434 prebende
1654 4373 1711 4416 sue
1728 4361 1761 4415 et
1784 4349 1891 4414 solvat
1907 4347 1983 4412 VIII

424 4475 550 4519 marcas
573 4458 724 4538 capitulo,

531 4562 619 4627 Pau
634 4563 643 4626 l
656 4587 675 4627 u
691 4585 706 4628 s
741 4564 805 4648 Gy
818 4587 833 4629 s
846 4567 885 4628 zi
898 4587 944 4629 cz
957 4587 972 4630 s
985 4567 1007 4628 k
1022 4568 1031 4630 i
1053 4566 1172 4631 habeat
1197 4567 1395 4648 prebendam
1422 4588 1481 4648 pro
1505 4586 1643 4648 corpore
1666 4585 1735 4628 su0.

531 4686 721 4752 Luthko
756 4690 807 4753 de
843 4691 1045 4754 Brzesze
1069 4691 1187 4756 habeat
1211 4713 1330 4773 corpus
1354 4693 1521 4774 prebende
1539 4713 1604 4766 sue,
1628 4691 1777 4754 videlicet
1802 4689 1982 4761 Xmarcas

425 4805 458 4857 et
482 4796 644 4858 residuum
669 4797 775 4860 solvat
798 4799 974 4879 capitulum
998 4801 1029 4860 in
1054 4801 1239 4880 provisione
1263 4820 1331 4862 sua.

526 4920 734 5001 Jacobus
768 4923 820 4986 de
855 4922 1030 4987 Grandi
1055 4923 1173 4987 habeat
1196 4945 1315 5006 corpus
1344 4924 1511 5007 prebende
1534 4943 1591 4986 sue
1622 4921 1771 4986 videlicet
1793 4921 1826 4984 X
1848 4939 1982 4996 marcas,

424 5036 458 5090 et
481 5027 644 5090 residuum
667 5028 774 5092 solvat
798 5031 984 5112 capitulum.

527 5151 545 5232 J
557 5173 576 5214 a
588 5173 606 5214 c
619 5173 639 5215 o
652 5152 674 5216 b
688 5175 707 5215 u
720 5175 736 5217 s
764 5153 807 5216 W
818 5175 842 5238 y
854 5177 908 5238 ga
921 5177 942 5218 n
955 5177 975 5218 o
985 5178 1014 5218 w
1027 5177 1043 5220 s
1055 5155 1099 5219 ki
1122 5155 1242 5219 habeat
1266 5176 1384 5238 corpus
1408 5155 1573 5238 prebende
1589 5175 1660 5229 sue,
1685 5154 1833 5218 videlicet
1856 5152 1888 5214 X
1904 5171 1983 5214 mar·

425 5278 488 5332 cas,
513 5269 546 5321 et
569 5260 731 5324 residuum
755 5261 862 5326 solvat
885 5263 1071 5345 capitulum.

540 5611 557 5680 ¹)
577 5611 692 5679 Dopisek
712 5613 855 5681 pdzuiejszy
873 5613 1070 5681 uskuteczniony
1091 5634 1112 5664 w
1132 5633 1151 5667 r.
1177 5630 1236 5682 ¹44¹
