4416 6366
465 569 526 631 114
973 553 1041 604 ACT
1043 555 1067 603 Α
1087 553 1248 605 CAPITULl
1270 553 1524 606 POZNANIENSIS

1233 649 1486 654 —..-..——.-
1537 649 1744 654 -—...--...-.
1759 648 1868 655 .-..-......

459 765 629 828 duodecim
653 786 777 830 marcas
801 767 841 830 de
865 769 973 849 gracia
1000 768 1217 840 donaverunt,
1251 789 1334 850 quos
1366 769 1453 850 apud
1488 789 1595 832 vener.
1631 770 1740 832 Adam
1764 771 1921 832 decanum
1946 791 2011 852 pre·

459 871 560 935 satum
595 885 796 948 mutuarunt,
832 885 866 936 et
901 895 981 956 quas
1016 875 1076 938 sibi
1109 875 1194 938 idem
1218 876 1301 940 dnus
1325 875 1467 939 decanus
1491 877 1531 938 de
1554 878 1705 940 censibus
1729 878 1874 938 villarum
1899 879 2013 956 presti-

459 981 643 1043 monialium
669 982 812 1062 capitulo
835 981 918 1044 solvi
941 983 1107 1046 consuetis
1131 983 1270 1046 deducet
1294 993 1327 1047 et
1351 982 1533 1046 defalcabit.

672 1175 717 1238 A.
747 1177 845 1256 1465,
870 1175 1067 1240 Nouembris
1097 1193 1151 1253 12,
1175 1178 1206 1238 iu
1231 1175 1375 1258 capitulo
1399 1177 1552 1260 generali.

567 1313 653 1382 596.
690 1317 754 1398 (Ill.
781 1319 842 1398 56).
878 1318 939 1380 Die
960 1317 1112 1382 Martis..
1146 1339 1254 1382 vener.
1281 1329 1391 1400 patres
1414 1330 1447 1382 et
1471 1320 1525 1382 dni
1549 1319 1637 1384 Uriel
1663 1320 1864 1400 prepositus,
1901 1319 2010 1384 Adam

458 1424 615 1498 decanus,
641 1423 794 1487 Nicolaus
818 1423 1060 1506 Glamboczsky
1083 1425 1342 1500 archidiaconus,
1366 1426 1479 1490 Petrus
1505 1427 1546 1490 de
1561 1426 1694 1508 Pnyewi
1712 1439 1834 1500 cantor,
1859 1426 2012 1490 Nicolaus

458 1531 499 1594 de
522 1529 671 1594 Sobotha
694 1541 821 1606 custos,
845 1531 983 1596 lacobus
1003 1533 1043 1595 de
1060 1533 1249 1615 Vigonowo
1266 1533 1472 1604 scolasticus,
1497 1533 1694 1596 Vincencius
1711 1535 1751 1596 de
1768 1533 2012 1615 Thimyenyecz

458 1639 682 1712 cancellarius,
719 1639 872 1702 Nicolaus
908 1639 1026 1703 Seudla
1059 1639 1274 1714 SrzemensiS,
1311 1639 1506 1702 Vincencius
1541 1639 1787 1721 Strzalkowsky
1824 1641 2012 1704 Pczevensis

458 1745 687 1819 archidiaconi,
713 1745 866 1810 Clemens
891 1748 1140 1828 Drzewyczsky,
1165 1747 1305 1810 Mathias
1329 1748 1369 1810 de
1394 1748 1507 1810 minori
1532 1746 1701 1819 Crosnino,
1725 1747 1886 1810 lohannes
1902 1747 2011 1809 Twar·

458 1853 605 1934 dowslry,
624 1853 839 1936 Sandivogius
856 1855 897 1916 de
913 1853 1069 1927 Sobotha,
1087 1855 1238 1916 Andreas
1255 1855 1469 1936 Rogalinsley,
1487 1854 1656 1936 Wspi'nelr,
1677 1853 1853 1936 Gregorius
1869 1853 2012 1924 Skotslri,

459 1981 540 2042 mgr.
559 1961 712 2024 Nicolaus
728 1961 769 2024 de
785 1961 924 2034 Costen,
949 1961 1086 2024 lacobus
1103 1961 1234 2034 Kooth,
1250 1959 1430 2024 Stanislaus
1448 1961 1592 2034 Mlinski,
1614 1961 1771 2026 Albertus
1788 1960 2011 2036 Schichlinski,

457 2066 661 2130 Bernhardus
687 2069 727 2130 de
744 2069 953 2142 Bruczkow0,
977 2069 1156 2132 Stanislaus
1174 2069 1410 2150 Pleschewsky,
1435 2088 1515 2150 mgr.
1533 2069 1775 2151 Dobrogostius
1791 2067 2011 2150 Sirakowsky,

457 2174 570 2238 Petrus
594 2175 792 2258 Mossinsky,
815 2177 976 2240 lohannes
999 2177 1191 2258 Popowski‚
1216 2175 1348 2248 Hector,
1374 2176 1528 2238 Nicolaus
1552 2175 1728 2257 Czaczsky,
1750 2176 1904 2239 Nicolaus
1927 2175 2013 2238 Xan·

457 2281 546 2364 szky,
579 2282 739 2353 Iohannes
763 2283 956 2366 Lulcowsley
979 2295 1012 2347 et
1036 2283 1148 2348 Petrus
1172 2284 1212 2346 de
1235 2281 1373 2366 Smygel
1396 2283 1511 2365 prelati
1544 2293 1577 2348 et
1600 2285 1786 2346 canonici..
1820 2283 2013 2366 congregati

457 2389 676 2471 capitulariter
706 2410 758 2453 me
791 2389 921 2454 Petrum
952 2390 1078 2453 Nicolai
1110 2391 1150 2454 de
1186 2390 1374 2473 Cobilnyky
1406 2391 1569 2472 publicum
1606 2393 1798 2455 auctoritate
1831 2389 2013 2472 apostolica

458 2498 617 2560 notarium
641 2497 722 2560 dioc.
748 2497 885 2560 Poznan.
917 2507 1051 2579 recepto
1083 2520 1102 2562 a
1134 2518 1185 2560 me
1217 2501 1396 2562 iuramento
1428 2499 1588 2580 corporali
1619 2499 1716 2561 solito
1741 2499 1772 2559 in
1796 2497 1955 2560 notarium
1979 2507 2014 2559 et

457 2605 594 2668 scribam
619 2605 750 2687 capituli
774 2605 977 2670 concorditer
1000 2617 1032 2668 et
1056 2606 1249 2668 unanimiter
1268 2615 1459 2688 receperunt
1477 2606 1683 2688 sigillumque
1699 2606 1865 2668 matricam
1884 2615 1916 2666 et
1932 2603 2013 2666 alios

458 2724 585 2794 septem
610 2711 708 2774 libros
733 2713 764 2774 in
790 2733 923 2776 numero
947 2711 1083 2776 fideliter
1107 2712 1264 2774 servanda
1288 2713 1488 2776 tradiderunt
1511 2713 1587 2776 Xlll
1612 2714 1652 2794 (s)
1676 2711 1871 2775 Novembris
1896 2712 1926 2772 in
1944 2731 2011 2790 pre

457 2820 565 2883 sencla
588 2820 703 2882 Rmi..
728 2819 782 2880 dni
806 2820 940 2882 Andree
963 2819 993 2882 d.
1019 2841 1049 2902 g.
1074 2821 1136 2901 Epi
1160 2819 1297 2882 Poznan.
1323 2831 1384 2883 etc.

671 3013 714 3078 A.
742 3015 836 3096 1465,
861 3013 1057 3078 Novembris
1086 3016 1139 3088 16,
1163 3017 1195 3077 in
1219 3015 1362 3096 capitulo
1387 3015 1538 3098 generali.

565 3153 741 3238 597.(111.
768 3158 828 3240 58).
850 3156 973 3220 Ibidem
997 3158 1050 3220 dni
1074 3158 1311 3239 deputaverunt
1345 3177 1404 3238 pro
1437 3155 1604 3220 sinodo
1636 3155 1934 3237 provinciali
1966 3155 2009 3216 in

457 3263 685 3326 Lancicia
713 3263 906 3328 celebranda
929 3284 1038 3327 vener.
1064 3275 1173 3344 patres
1197 3265 1280 3328 dnos
1304 3264 1474 3327 Nicolaum
1498 3263 1668 3328 custodem
1693 3263 1832 3326 Poznan.
1857 3273 1890 3325 et
1915 3261 2009 3324 Nico-

456 3371 541 3434 laum
572 3369 694 3434 Skudla
725 3370 983 3434 archidiaconum
1015 3371 1238 3436 Srzemensem
1270 3393 1312 3436 ex
1342 3383 1435 3453 parte
1465 3373 1570 3434 tocius
1602 3371 1733 3452 capituli
1757 3371 1871 3442 ituros,
1903 3380 1936 3433 et
1962 3389 2008 3432 ra-

457 3479 550 3540 cione
574 3499 792 3561 expensarum
825 3499 885 3560 pro
909 3479 960 3542 via
991 3479 1121 3542 cuilibet
1152 3479 1277 3542 illorum
1310 3500 1368 3560 per
1398 3479 1430 3542 V
1461 3499 1586 3542 marcas
1621 3480 1698 3541 dare
1732 3479 1944 3541 decreverunt
1976 3487 2010 3540 et

457 3585 702 3651 demandarunt.

564 3725 650 3794 598.
675 3727 737 3810 (111.
765 3729 838 3808 58⁰).
862 3727 1037 3792 Statutum.
1064 3766 1105 3775 -
1130 3729 1253 3792 ibidem
1276 3730 1330 3792 dni
1354 3729 1581 3802 decreverunt,
1606 3737 1641 3790 ut
1665 3727 1705 3789 de
1729 3737 1838 3790 cetero
1854 3725 1909 3789 fiat
1927 3746 2010 3790 unus

456 3835 604 3916 specialis
628 3835 708 3899 liber
739 3837 808 3898 sive
838 3856 886 3898 co
899 3836 1110 3918 piarium,
1142 3837 1173 3898 in
1206 3857 1271 3918 quo
1307 3837 1473 3917 privilegia
1504 3845 1726 3917 regestrentur
1757 3835 2008 3915 perpetuitatem

455 3944 618 4024 sapiencia
642 3943 733 4006 salvo
753 3944 869 4007 notarii
893 3943 1018 4016 salari0,
1042 3943 1129 4026 quod
1155 3943 1237 4006 ultra
1260 3943 1419 4007 fertonem
1440 3943 1599 4006 excedere
1616 3943 1798 4014 noluerunt,
1823 3953 1859 4004 ut
1878 3939 2009 4022 quando

456 4070 514 4131 per
536 4051 674 4132 aliquem
699 4049 872 4114 infaustum
895 4070 1021 4124 casum,
1046 4061 1142 4132 prout
1166 4069 1245 4132 sepe
1269 4051 1438 4135 contingit,
1463 4050 1630 4132 privilegia
1653 4048 1834 4112 huiusmodi
1858 4049 2005 4130 deperire

455 4159 619 4232 acciderit,
651 4158 683 4220 in
706 4159 762 4221 tali
785 4159 928 4241 copiario
952 4160 1082 4239 reperiri
1108 4169 1244 4240 queant,
1277 4159 1318 4222 de
1348 4159 1459 4240 eisque
1490 4167 1641 4220 constare
1674 4158 1795 4238 poterit
1823 4156 2008 4218 luculenter.

670 4351 713 4413 A.
745 4353 840 4432 1465,
865 4352 1056 4416 Decembris
1079 4369 1116 4430 4,
1142 4353 1174 4414 in
1198 4351 1349 4433 capitulo.

565 4491 651 4559 599.
687 4493 751 4574 (ΙΙΙ.
780 4494 858 4576 59⁰).
893 4493 1017 4558 Ibidem
1048 4493 1178 4556 oblatus
1206 4493 1264 4557 luit
1288 4513 1462 4576 processus
1486 4493 1561 4556 Rmi
1586 4493 1686 4573 patris
1710 4493 1764 4556 dni
1787 4491 1939 4555 Iohannis
1962 4511 2009 4554 ar·

455 4601 560 4682 chiepi
599 4599 722 4664 Gnezn.
762 4621 822 4682 pro
861 4601 1031 4664 sinodo
1081 4601 1376 4682 provinciali
1419 4601 1621 4676 celebranda,
1660 4619 1756 4682 quem
1795 4599 1852 4663 dni
1890 4599 2009 4679 exequi

454 4708 701 4772 mandaverunt.

667 4884 711 4948 A.
742 4886 839 4965 1466,
863 4883 987 4968 Aprilis
1013 4903 1049 4948 21
1066 4885 1099 4966 1),
1123 4887 1155 4947 in
1178 4885 1329 4968 capitulo.

562 5024 649 5093 600.
675 5027 737 5110 (111.
762 5027 843 5112 63⁰).
867 5027 990 5091 Ibidem
1014 5029 1135 5091 domini
1159 5028 1316 5092 dederuut
1340 5029 1529 5092 lincenciam
1554 5028 1619 5090 dno
1643 5025 1887 5107 Glamboczsky
1907 5027 2009 5108 ipsius

454 5137 544 5199 senio
568 5136 811 5217 compacientes
835 5135 985 5198 manendi
1007 5139 1040 5198 in
1063 5136 1139 5198 villa
1163 5133 1350 5218 Cozeglowi
1373 5147 1489 5218 atque,
1521 5147 1556 5199 ut
1580 5135 1798 5218 repueriscere
1821 5135 1943 5214 possit,
1974 5133 2010 5194 in

452 5253 590 5306 avenata
614 5243 709 5324 palea
733 5243 800 5306 sive
824 5244 978 5307 stramine
1000 5245 1032 5306 in
1056 5242 1186 5307 fornace
1209 5244 1351 5320 iacendi,
1375 5265 1433 5325 per
1448 5243 1557 5325 aprica
1573 5263 1646 5306 rura
1661 5240 1843 5324 spaciandi,
1867 5241 1900 5302 in
1916 5239 2011 5303 viridi

561 5507 580 5576 ¹)
600 5509 668 5558 Data
688 5525 710 5557 w
728 5507 859 5574 oryginele
877 5507 955 5556 brzml
982 5510 1047 5560 »Die
1066 5509 1138 5560 Lune
1162 5509 1210 5559 XX
1235 5509 1357 5575 Aprilis«,
1384 5509 1424 5559 ale
1443 5527 1466 5558 w
1484 5525 1504 5562 r.
1527 5506 1594 5572 1466
1619 5509 1645 5558 d.
1665 5519 1695 5556 21
1717 5505 1845 5556 Kwietuia
1869 5505 2011 5573 przypadel

453 5613 486 5647 na
505 5597 643 5664 Niedzielq.
2167 5613 2168 5622 ,
