4416 6366
820 603 999 658 nunonon
1020 603 1205 660 ilus-1460.
1459 591 1462 598 '
1733 619 1790 689 103

242 697 874 706 u———fflm--u——n-—-
1034 700 1344 707 —-.--.--.—..-.-——--
1611 701 1792 710 auum-..q-

240 821 555 882 excommunicatum
580 829 613 882 et
636 817 840 882 interdictum
865 839 995 882 manere
1019 821 1049 882 in
1074 823 1204 883 civitate
1234 821 1412 896 Poznania,
1444 822 1501 884 sed
1533 823 1623 904 quod
1653 823 1792 886 educant

239 946 312 988 eum
336 937 428 990 extra
452 928 615 990 civitatem
639 925 683 988 ad
705 927 826 998 locum,
852 927 905 988 ubi
929 927 1035 990 divina
1058 937 1125 990 tam
1150 928 1180 989 in
1205 928 1335 990 civitate
1358 948 1456 1016 quam
1487 929 1517 990 in
1543 929 1698 992 suburbio
1723 949 1789 990 non

242 1033 465 1115 impediantur.

455 1225 498 1290 A.
528 1227 619 1306 1460,
643 1227 751 1290 Martii
779 1244 826 1306 13,
850 1228 881 1288 in
906 1229 1057 1309 capitulo

351 1365 436 1434 529.
459 1366 508 1450 (ΙΙ.
535 1386 575 1432 22
581 1369 627 1452 3⁰)
641 1419 666 1432 ..
690 1370 794 1432 Rmus
807 1419 835 1432 ..
860 1370 942 1432 dnus
967 1371 1117 1432 Andreas
1142 1371 1232 1451 Epus
1256 1382 1289 1434 et
1306 1371 1482 1452 capitulum
1499 1371 1635 1434 ecclesie
1652 1371 1789 1433 Poznan.

242 1475 354 1538 honor.
378 1475 477 1538 dnum
501 1475 697 1540 Stanislaum
722 1477 762 1538 de
785 1477 902 1558 Mlyny
925 1479 1117 1539 canonicum
1134 1477 1273 1540 Poznan.
1292 1479 1324 1539 in
1341 1479 1485 1558 negociis
1502 1478 1638 1540 ecclesie
1653 1478 1695 1540 ad
1711 1479 1793 1540 dnos

242 1581 377 1664 Regem,
409 1582 612 1664 Archiepum
643 1594 675 1646 et
705 1583 813 1665 Regni
846 1585 1142 1647 vicecancellarium
1171 1605 1243 1646 cum
1272 1585 1512 1646 credenciarum
1544 1585 1659 1648 litteris
1682 1605 1795 1646 versus

243 1688 269 1752 C
278 1691 492 1752 racoviam
517 1692 725 1763 destinarunt,
750 1691 800 1752 cui
823 1691 865 1752 ad
889 1711 1052 1771 expensas
1076 1691 1108 1752 X
1132 1711 1264 1766 marcas,
1289 1691 1379 1772 Epus
1402 1692 1542 1772 quinque
1567 1702 1599 1754 et
1620 1692 1795 1772 capitulum

242 1798 387 1874 totidem,
421 1800 637 1880 assignarunt.
685 1798 729 1860 Et
759 1799 786 1860 si
817 1799 922 1880 ipsum
947 1799 1118 1880 contingat
1142 1799 1182 1860 de
1207 1797 1363 1861 Cracovia
1386 1799 1427 1860 ad
1452 1799 1603 1862 ulteriora
1627 1797 1794 1880 proficisci,

242 1916 298 1968 aut
320 1907 348 1968 si
370 1907 459 1987 quod
482 1906 567 1968 absit
590 1905 721 1987 aliquod
746 1905 921 1986 dampnum
947 1905 997 1966 vel
1022 1907 1176 1968 iacturam
1201 1907 1232 1967 in
1256 1925 1402 1986 corpore,
1427 1907 1458 1966 in
1475 1907 1631 1986 personis,
1656 1907 1687 1967 in
1705 1907 1795 1986 equis

242 2011 294 2075 vel
318 2013 349 2074 in
374 2013 617 2094 quibuscunque
641 2012 745 2090 rebus
777 2013 817 2074 de
841 2033 905 2094 quo
930 2022 1079 2075 constare
1104 2014 1232 2093 poterit,
1257 2013 1438 2094 perceperit
1462 2012 1513 2075 vel
1537 2013 1713 2085 incurrerit,
1736 2013 1796 2076 sibi

243 2117 428 2182 satisfacere
450 2120 622 2202 ipsumque
647 2119 855 2199 indempnem
879 2130 912 2182 et
936 2131 1128 2182 contentum
1152 2119 1287 2182 reddere
1311 2123 1537 2200 promiserunt.

456 2330 499 2394 A.
531 2333 622 2410 1460,
646 2329 769 2412 Aprilis
798 2347 845 2405 12,
869 2332 900 2393 in
925 2331 1078 2412 capitulo.

352 2469 440 2538 530.
463 2469 513 2553 (ΙΙ.
538 2489 577 2534 22
584 2473 614 2552 5)
629 2522 659 2535 ..
684 2469 720 2534 In
745 2473 845 2535 domo
869 2493 977 2535 vener.
996 2472 1052 2534 viri
1074 2473 1128 2534 dni
1144 2472 1270 2535 Nicolai
1286 2473 1327 2535 de
1343 2471 1493 2536 Sobotha
1509 2473 1661 2548 custodis,
1686 2473 1793 2535 vicarii

245 2580 276 2642 in
299 2577 525 2662 Spiritualibus
549 2590 582 2643 et
605 2579 760 2653 officialis,
783 2600 891 2642 vener.
918 2580 971 2642 dni
996 2580 1111 2660 prelati
1128 2591 1161 2642 et
1180 2581 1324 2642 canonici
1342 2580 1477 2642 ecclesie
1493 2579 1630 2642 Poznan.
1647 2581 1796 2660 capitula·

244 2687 320 2750 riter
343 2687 534 2769 congregati
557 2687 676 2761 audito,
701 2687 787 2768 quod
810 2707 918 2749 vener.
936 2687 1019 2749 dnus
1036 2685 1216 2750 Stanislaus
1232 2686 1376 2767 Mlinsky
1392 2687 1567 2750 canonicus
1584 2687 1624 2749 de
1641 2686 1797 2750 Cracovia

244 2793 285 2855 ad
301 2793 375 2856 loco
391 2795 542 2857 ulteriora
559 2795 761 2875 insequendo
777 2792 889 2856 Smum
904 2794 1001 2856 dnum
1027 2793 1141 2856 Kazi
1156 2795 1314 2856 mirum
1339 2815 1494 2876 regern
1518 2815 1630 2858 versus
1646 2793 1797 2856 Russiam

244 2900 410 2982 profectus
432 2900 535 2977 suerit,
560 2901 620 2964 sibi
643 2901 675 2964 X
697 2921 822 2964 marcas
847 2921 906 2982 pro
930 2901 1038 2984 iatigis
1062 2913 1096 2964 et
1120 2901 1274 2981 impensis
1298 2902 1421 2964 dandas
1446 2901 1650 2981 profestos.
1669 2901 1797 2964 Martini

244 3028 338 3088 prox.
363 3007 598 3071 concluserunt.
644 3007 737 3070 Etsi
761 3009 887 3070 interim
911 3009 1016 3088 ipsum
1037 3007 1111 3072 Deo¹
1134 3010 1342 3088 permittente
1366 3010 1447 3070 mori
1471 3009 1649 3089 contingat,
1675 3009 1798 3088 poterit

244 3113 348 3177 dictas
372 3116 527 3196 pecunias
550 3115 700 3178 videlicet
723 3115 755 3177 X
779 3135 903 3178 marcas
928 3115 1044 3197 legare,
1077 3117 1127 3177 cui
1158 3115 1303 3190 voluerit,
1335 3116 1377 3176 ad
1407 3115 1495 3197 quod
1524 3115 1701 3195 capitulum
1725 3133 1799 3176 con·

245 3231 426 3286 senserunt.

461 3397 505 3462 A.
535 3401 627 3478 1460,
652 3399 728 3460 Maii
756 3415 788 3475 1,
812 3401 844 3461 in
868 3399 1020 3480 capitulo

354 3539 439 3608 531.
464 3541 514 3622 (II.
540 3542 655 3622 225)..
680 3541 800 3605 Vener.
825 3541 880 3604 dni
903 3542 1019 3622 prelati
1043 3551 1076 3604 et
1099 3542 1246 3603 canonici
1270 3541 1404 3604 ecclesie
1427 3541 1567 3603 Poznan.
1592 3541 1707 3602 honor.
1732 3539 1798 3601 dno

246 3648 409 3713 Stanislao
434 3651 475 3712 de
497 3649 750 3730 Dobyeschewo
768 3649 932 3736 canonico
957 3669 1017 3730 pro
1042 3669 1092 3721 eo,
1123 3648 1212 3730 quod
1240 3649 1441 3730 equitaturus
1464 3659 1515 3710 est
1538 3667 1611 3709 cum
1635 3647 1701 3708 dno
1725 3645 1799 3728 Epo

247 3777 289 3818 ex
312 3767 405 3837 parte
429 3756 561 3837 capituli
591 3755 632 3819 ad
663 3758 1000 3818 convencionem
1031 3757 1062 3817 in
1094 3754 1199 3818 Colo
1228 3776 1288 3838 pro
1321 3755 1405 3818 festo
1431 3755 1461 3816 b.
1486 3752 1638 3816 Stanislai
1662 3753 1800 3816 martiris

246 3863 491 3938 celebrandam,
516 3874 581 3927 tres
606 3883 730 3926 marcas
754 3865 896 3927 dandum
920 3865 1144 3926 decreverunt.

459 4057 502 4120 A.
532 4059 622 4135 1460,
647 4057 722 4119 Maii
746 4073 775 4138 7,
800 4059 831 4119 in
855 4057 1008 4138 capitulo.

355 4196 442 4264 532.
466 4199 514 4280 (ΙΙ.
540 4200 669 4280 2250)..
695 4199 815 4262 Vener.
841 4200 894 4261 dni
919 4197 1096 4280 capitulum
1120 4198 1257 4260 ecclesie
1281 4197 1420 4259 Poznan.
1446 4196 1561 4260 honor.
1583 4199 1649 4261 dno
1666 4198 1800 4260 Iohanni

246 4307 485 4388 Twardowsky
516 4308 673 4369 canonico
701 4327 762 4388 pro
794 4327 842 4381 eo,
874 4308 961 4388 quod
992 4325 1085 4368 suum
1109 4306 1208 4368 mittit
1231 4305 1381 4370 nuncium
1407 4324 1480 4366 cum
1504 4305 1618 4368 litteris
1641 4326 1684 4367 ex
1707 4319 1800 4386 parte

246 4415 378 4497 capituli
401 4415 443 4477 ad
467 4415 802 4476 convencionem
825 4415 857 4474 in
881 4411 908 4476 C
916 4413 993 4486 010,
1018 4431 1114 4474 unam
1137 4431 1278 4474 marcam
1302 4412 1443 4474 dandum
1466 4411 1704 4476 concluserunt.

463 4625 505 4690 A.
536 4626 626 4703 1460,
650 4623 729 4687 Iunii
754 4641 803 4704 30,
829 4626 859 4687 in
884 4624 1027 4706 capitulo
1052 4623 1205 4708 generali.

356 4765 442 4834 533.
466 4767 513 4848 (ll.
541 4767 639 4845 226⁰).
665 4765 766 4836 Anno
790 4767 844 4828 dni
868 4765 1080 4830 MCCCCLX
1113 4765 1361 4856 capitulum
1393 4766 1608 4846 generale
1632 4787 1691 4848 pro
1716 4765 1800 4828 festo

247 4876 482 4958 apostolorum.
530 4874 591 4935 Die
614 4874 749 4935 Lune.2
780 4894 889 4936 vener.
914 4885 1024 4953 patres
1048 4885 1081 4936 et
1106 4873 1170 4935 Dni
1194 4873 1303 4934 Adam
1328 4873 1482 4948 decanus,
1515 4873 1669 4936 Nicolaus
1704 4873 1800 4935 archi-

248 4984 419 5056 diaconus,
455 4981 610 5045 Nicolaus
634 4991 757 5054 custos,
793 4980 929 5043 Iacobus
953 4981 1158 5052 scolasticus,
1194 4979 1308 5042 Petrus
1332 4990 1454 5053 cantor,
1482 4979 1679 5042 Vincencius
1702 4980 1800 5042 archi-

247 5089 402 5152 diaconus
426 5087 641 5156 Pczewensis,
678 5087 838 5150 Iohannes
870 5088 1093 5162 cancellarius,
1125 5087 1279 5148 Nicolaus
1302 5085 1421 5148 Scudla
1443 5087 1688 5149 archidiaconus
1712 5086 1801 5148 Srze-

248 5196 382 5267 mensis,
419 5194 559 5258 Mathias
593 5195 633 5257 de
658 5193 827 5268 Crosnino,
863 5195 1024 5257 Iohannes
1059 5193 1307 5273 Twardowsky,
1342 5195 1544 5273 Wyskotha,
1576 5193 1801 5276 Sandivogius,

248 5303 417 5374 ClemenS,
435 5301 584 5374 Chibski,
606 5321 686 5383 mgr.
703 5301 857 5364 Nicolaus
874 5302 914 5363 de
931 5301 1071 5374 Costen,
1095 5301 1274 5364 Stanislaus
1290 5300 1332 5362 de
1348 5301 1609 5382 Dobyeschewo
1626 5300 1802 5382 Gregorius

248 5409 424 5489 Scothsky.
449 5407 601 5470 Andreas
624 5409 840 5489 Rogalinsky,
865 5409 1025 5472 Iohannes
1049 5409 1090 5471 de
1113 5409 1268 5488 Popowo,
1293 5408 1430 5470 lacobus
1454 5407 1650 5489 lablowsky,
1678 5409 1801 5472 Hector

249 5517 290 5578 de
314 5515 512 5597 PyesczynO,
538 5517 719 5578 ssernardus
743 5517 784 5578 de
807 5516 1006 5580 Bruczlrowo
1030 5516 1145 5596 prelati
1169 5526 1202 5578 et
1222 5515 1368 5576 canonici
1385 5515 1519 5578 ecclesie
1535 5515 1799 5582 PoznaniensiS..

251 5623 429 5712 capitulum
454 5623 605 5708 generale
629 5623 841 5688 celebrantes
