4390 6368
445 603 512 666 204
953 587 1047 636 ACTA
1066 584 1229 636 CAPITULI
1255 585 1510 636 POZNANIENSIS

447 681 531 686 —-.-
553 680 584 685 -..
600 680 631 684 ...
656 679 733 685 -..-...-
768 681 806 686 -.--
818 680 840 685 --
852 680 1028 686 —------
1052 681 1082 684 —
1117 679 1159 686 .—-
1174 681 1178 686 ,
1399 679 1503 686 -...-.-
1525 677 1894 686 --.-.--—·-—--—--.-——.-
1915 679 2000 685 ...-..

658 799 700 860 A.
732 814 830 878 1514,
855 797 926 862 Iulii
956 817 1009 872 11,
1034 801 1066 862 in
1089 798 1231 879 capitulo
1257 798 1407 881 generali.

554 937 664 1005 1040.
689 939 779 1020 (VII.
810 942 892 1021 172).
928 937 1052 1002 Ibidem
1076 939 1191 1021 prefati
1224 939 1278 1002 dni
1302 940 1542 1022 deputaverunt
1573 950 1606 1003 et
1630 943 1869 1004 constituerunt
1892 961 2000 1003 vener.

444 1047 528 1109 dnos
551 1047 731 1110 Iohannem
763 1048 804 1109 de
830 1045 916 1110 Gora
948 1047 1208 1110 archidiaconum
1246 1059 1278 1110 et
1314 1047 1482 1110 Andream
1516 1047 1742 1130 Czyesyelsky
1778 1047 2001 1110 cancellarium

444 1155 582 1216 Poznan.
607 1153 648 1216 ad
684 1156 877 1216 sinodum
914 1155 1225 1235 provincialem
1263 1156 1304 1217 ad
1339 1155 1455 1217 festum
1480 1175 1505 1216 S.
1533 1155 1707 1236 Augustini
1732 1156 1763 1216 in
1798 1154 2002 1216 Lancicia

446 1261 674 1324 celebrandam
700 1263 821 1324 ituros.
836 1311 843 1325 .

658 1455 701 1517 A.
732 1470 830 1534 1514,
854 1455 926 1518 Iulii
956 1457 1010 1526 18,
1035 1456 1065 1516 in
1090 1455 1234 1536 capitulo
1258 1456 1411 1536 generali.

555 1593 665 1661 1050.
690 1595 778 1677 (VII.
810 1599 918 1677 174l..
944 1597 1061 1660 Vener.
1086 1598 1141 1659 dni
1177 1597 1295 1679 prelati
1329 1608 1362 1660 et
1385 1599 1572 1660 canonici..
1598 1599 1790 1660 unanimiter
1822 1605 2003 1660 statuerunt

446 1715 478 1766 et
503 1705 543 1764 de
568 1716 679 1766 cetero
716 1704 846 1768 firmiter
882 1705 1122 1767 observandum
1159 1706 1389 1776 decreverunt,
1429 1727 1469 1766 ne
1501 1725 1559 1785 per
1584 1706 1769 1786 quempiam
1806 1703 2001 1784 prefatorum

444 1812 581 1873 dnorum
606 1811 646 1872 de
671 1811 812 1892 capitulo
838 1811 888 1874 vel
913 1811 1010 1874 alium
1034 1833 1260 1894 quemcunque
1278 1812 1364 1894 ligna
1390 1813 1419 1873 in
1438 1811 1527 1874 silvis
1545 1810 1619 1874 ville
1635 1810 1826 1874 Stanszewo
1843 1812 1873 1872 in
1890 1821 2002 1882 estate,

445 1920 508 1980 hoc
533 1929 583 1980 est
607 1939 625 1980 a
649 1920 752 1998 prima
777 1919 870 1992 Maii,
895 1919 1076 2000 incipiendo
1101 1939 1202 2000 usque
1225 1919 1266 1980 ad
1291 1918 1410 1981 festum
1435 1939 1460 1981 s.
1485 1917 1652 1980 Michaelis
1675 1917 1873 1980 excidantur.

660 2138 702 2199 A.
733 2153 832 2218 1515,
856 2139 1024 2202 Februarii
1055 2158 1108 2219 19,
1132 2141 1163 2202 in
1188 2139 1340 2220 capitulo.

559 2277 668 2344 1051.
695 2279 779 2362 (VII.
810 2285 918 2360 187l..
943 2281 1035 2345 Rdus
1059 2293 1152 2362 pater
1186 2283 1268 2344 dnus
1304 2281 1468 2344 Iohannes
1501 2283 1541 2344 de
1565 2281 1654 2344 Gora
1688 2282 1828 2344 decanus
1864 2281 2002 2344 Poznan.

446 2389 602 2450 collector
625 2387 970 2451 contributionis
995 2388 1157 2470 regalis
1190 2391 1335 2470 reposuit
1359 2409 1470 2450 coram
1494 2389 1566 2450 duis
1590 2389 1655 2451 XV
1680 2409 1804 2450 marcas
1828 2387 1877 2450 lX
1900 2409 1946 2470 gr.
1970 2399 2004 2450 et

448 2493 515 2556 VII
540 2494 689 2557 denarios
713 2495 911 2556 residuarum
936 2497 1143 2576 pecuniarum
1175 2497 1424 2560 contributionis
1448 2495 1581 2578 regalis.
1617 2516 1697 2576 quas
1721 2495 1804 2558 dnus
1828 2495 2004 2576 Sigismun·

444 2601 505 2664 dus
529 2602 724 2664 tezaurarius
748 2603 788 2664 ad
813 2603 1007 2664 servandum
1032 2605 1153 2685 recepit
1177 2615 1210 2666 et
1234 2605 1386 2666 servavit.

659 2821 703 2884 A.
733 2837 831 2902 1515,
858 2823 981 2904 Aprilis
1010 2825 1064 2896 16,
1091 2825 1123 2886 in
1147 2822 1300 2905 capitulo.

567 2959 677 3028 1052.
703 2963 785 3045 (VII.
816 2965 913 3048 1830).
930 2943 1067 3028 'Ibidem
1092 2987 1198 3028 vener.
1224 2966 1308 3028 dnus
1343 2965 1506 3028 Iohannes
1530 2967 1570 3028 de
1594 2965 1681 3028 Gora
1706 2967 1848 3028 decanus
1872 2977 2006 3027 exactor

448 3070 789 3134 contributionis
812 3075 977 3155 regalis
1001 3075 1148 3155 reposuit
1172 3093 1284 3136 coram
1309 3073 1380 3136 dnis
1404 3073 1435 3134 X
1459 3093 1583 3135 marcas
1608 3076 1813 3154 pecuniarum
1830 3093 1873 3134 ex
1889 3071 2005 3134 debitis

447 3180 673 3260 preteritarum
698 3179 973 3242 contributionum
998 3181 1168 3256 collectas
1194 3201 1275 3263 quas
1299 3181 1382 3244 dnus
1407 3179 1632 3262 Sigismundus
1656 3181 1851 3243 tezaurarius
1875 3179 1915 3242 ad
1940 3199 2006 3242 ser-

447 3289 588 3350 vandum
614 3288 745 3370 recepit.

662 3481 703 3543 A.
735 3494 829 3560 1515,
856 3480 938 3544 Iunii
963 3485 1020 3556 28,
1044 3483 1075 3543 in
1099 3481 1242 3562 capitulo
1266 3481 1416 3564 generali.

560 3619 668 3688 1053.
693 3621 780 3702 (VII.
812 3623 906 3702 189⁰).
942 3621 1184 3706 Capitulum
1220 3623 1424 3706 generale
1460 3644 1520 3706 pro
1557 3623 1640 3686 festo
1672 3645 1697 3686 s.
1731 3623 1815 3686 Petri
1851 3635 1884 3686 et
1919 3621 2006 3685 Pauli

447 3742 552 3812 apost.
577 3733 608 3793 in
633 3732 768 3793 ecclesia
793 3731 931 3792 Poznan.
955 3731 996 3792 de
1019 3751 1105 3793 anno
1130 3731 1193 3792 Dni
1225 3745 1302 3811 1515
1330 3742 1456 3793 tentum
1486 3741 1519 3792 et
1543 3731 1780 3794 celebratum..
1807 3731 1926 3794 Vener.
1951 3733 2004 3794 dni

447 3838 612 3900 Iohannes
636 3839 676 3900 de
701 3837 788 3900 Gora
812 3839 954 3900 decanus
989 3841 1189 3919 vicariusque
1214 3839 1245 3899 in
1270 3837 1496 3919 Spiritualibus
1521 3850 1553 3902 et
1578 3837 1721 3900 officialis
1745 3838 1883 3900 Poznan.
1908 3860 2004 3921 gene-

448 3946 535 4017 ralis,
562 3945 740 4008 Anzelmus
764 3945 805 4008 de
829 3945 977 4008 Lulrowo
1001 3957 1129 4018 cantor,
1155 3943 1319 4008 Iohannes
1343 3946 1382 4006 de
1399 3943 1530 4006 Slawno
1545 3945 1788 4008 archidiaconus
1805 3945 2005 4010 Pczeviensis

447 4055 478 4115 in
504 4053 639 4114 ecclesia
663 4053 812 4126 Poznan.,
849 4053 1000 4114 Andreas
1033 4052 1245 4133 Czyesyelslri
1280 4053 1503 4124 cancellarius,
1541 4053 1697 4116 Martinus
1731 4053 1771 4114 de
1805 4052 2004 4116 Dambrowa

447 4159 605 4232 infirmus,
630 4159 691 4222 Iob
716 4161 954 4240 Roszlrowsky‚
978 4159 1204 4240 Sigismundus
1229 4160 1269 4220 de
1293 4158 1535 4241 Camyenyecz‚
1561 4159 1714 4221 Nicolaus
1732 4157 1867 4240 Olesky,
1893 4159 2006 4222 Alber-

448 4279 500 4330 tus
523 4267 765 4347 Paltoslawsky,
790 4266 935 4328 Thomas
959 4265 1229 4347 Gocaallrowslty,
1263 4265 1425 4328 Iohannes
1450 4267 1677 4347 Charbowslry
1702 4267 1906 4328 decretorum
1930 4269 2005 4330 doc-

448 4385 515 4446 tor,
541 4375 655 4436 Petrus
679 4372 887 4453 Gunyczsky,
920 4373 1066 4434 Thomas
1088 4374 1315 4456 Wylkowsky,
1352 4375 1505 4436 Nicolaus
1541 4373 1776 4455 Iactoroivslry,
1801 4373 1940 4438 Matthias
1963 4377 2005 4437 de

447 4485 574 4564 Blonye
599 4482 714 4544 doctor
739 4481 895 4542 medicine
920 4493 951 4544 et
976 4479 1134 4543 Albertus
1159 4479 1423 4564 Gwyasdowshy
1447 4481 1565 4544 XVIII
1589 4481 1619 4542 in
1645 4501 1779 4544 numero
1797 4481 2006 4544 interfuerunt

447 4603 480 4654 et
504 4591 631 4652 fuerunt
656 4599 834 4669 presentes,

560 4728 669 4796 1054.
694 4729 780 4812 (VII.
811 4730 888 4812 190).
913 4730 975 4792 Rdi
1001 4732 1102 4811 patris
1127 4731 1181 4792 dni
1205 4731 1360 4794 Iohannis
1384 4733 1424 4794 de
1449 4731 1597 4794 Lulrowo
1630 4731 1846 4792 archidiaconi
1872 4743 1906 4795 et
1928 4743 2004 4795 tunc

447 4840 554 4903 vicarii
579 4839 609 4899 111
633 4837 858 4917 Spiritualibus
883 4835 1013 4910 Gnezn.,
1050 4839 1162 4899 decani
1186 4847 1219 4900 et
1243 4840 1386 4900 canonici
1422 4839 1559 4900 Poznan.
1584 4859 1621 4898 ac
1646 4836 1833 4899 Wladislav.
1859 4838 2007 4900 ecclesia-

448 4967 517 5009 rum
541 4945 599 5006 viri
623 4964 812 5024 magnarum
837 4945 993 5006 virtutum
1017 4955 1049 5006 et
1073 4945 1239 5025 grandeve
1265 4949 1361 5007 etatis
1385 4955 1417 5007 et
1434 4946 1599 5027 dignitatis
1619 4944 1746 5006 LXXX
1763 4945 1889 5007 circiter
1905 4965 2006 5007 annos

450 5054 615 5122 habentis
652 5051 705 5130 qui
730 5071 815 5112 anno
841 5051 1002 5113 dominice
1037 5051 1224 5114 Natiuitatis
1255 5066 1337 5132 1514
1361 5053 1389 5114 d.
1414 5053 1575 5114 dominica
1600 5052 1673 5114 festi
1697 5051 2007 5132 Transfigurationis

446 5161 510 5222 Dni
540 5161 580 5234 (6
605 5160 764 5242 alligasti),
801 5159 877 5220 dum
910 5181 995 5221 nona
1024 5160 1055 5220 in
1088 5157 1226 5221 ecclesia
1262 5160 1498 5222 decantabatur
1533 5161 1761 5222 ecclesiasticis
1793 5161 2006 5222 sacramentis

446 5277 636 5349 procuratus
660 5269 690 5327 in
716 5289 796 5347 pace
821 5269 942 5348 quievit
965 5269 997 5328 in
1021 5268 1146 5348 capella
1169 5267 1222 5328 dni
1249 5267 1367 5330 Urielis
1392 5271 1443 5349 epi
1468 5267 1605 5329 Poznan.
1633 5269 1662 5328 in
1687 5267 1837 5346 sepulcro
1862 5268 2006 5330 eiusdem

447 5387 480 5438 et
504 5375 595 5436 iuxta
618 5377 722 5454 ipsum
748 5375 938 5446 tumulatus,
964 5385 1203 5454 regestrum
1228 5375 1434 5437 librorum
1458 5397 1495 5436 ac
1519 5375 1573 5436 dni
1597 5373 1751 5436 Iohannis
1776 5373 1931 5437 Crotoski
1954 5395 2007 5434 ec-

447 5467 545 5543 clesie
570 5481 709 5542 Poznan.
734 5481 932 5562 legatorum:
969 5479 1145 5542 Processus
1181 5483 1255 5542 iuris
1290 5483 1437 5561 scriptus.
1466 5521 1504 5528 .„
1531 5481 1658 5543 Textus
1692 5479 1898 5544 Clementiae
1932 5501 2005 5541 curn

450 5589 562 5652 Extra.
589 5627 629 5634 -
655 5587 875 5670 Speculatoris
910 5589 1053 5651 secunda
1078 5608 1161 5668 pars.
1194 5625 1233 5632 -
1260 5589 1445 5652 Breviarurn
1471 5589 1602 5652 Decreti
1627 5609 1699 5651 cum
1734 5590 1908 5671 margarita
1942 5587 2009 5651 De·
2051 5585 2054 5592 '
