4416 6366
428 611 489 675 174
949 595 1044 644 acra
1063 595 1228 645 charrum
1246 593 1503 644 rozunurnusrs

427 687 616 696 *η
620 687 803 694 -u—--q—
806 687 1012 694 ὴ...-
1669 685 1878 692 ————-—---—
1889 683 1978 688 ἠ·-

422 817 530 870 torum
566 806 716 880 doctore,
751 806 979 869 archidiacono
1014 817 1047 869 et
1083 806 1209 870 olliciali
1244 807 1383 869 Poznan.
1420 806 1578 888 generali,
1615 804 1749 867 Andrea
1773 805 1813 869 de
1838 804 1978 886 Lubyen

422 913 650 976 archidiacono
673 912 856 976 Srzemensi
880 913 910 976 in
935 914 1050 976 eadem
1074 915 1210 978 ecclesia
1234 913 1383 984 Poznan.,
1409 912 1545 975 Nicolao
1562 911 1738 992 Czaczsky,
1763 911 1859 975 Petro
1885 913 1978 974 Ram-

422 1021 550 1100 binsky,
586 1021 728 1084 Martino
764 1020 978 1094 Dambrowa,
1014 1021 1148 1086 Andren
1172 1020 1426 1101 Goluchowsky.
1463 1018 1598 1082 Andrea
1622 1019 1857 1100 Czyesyelsky,
1882 1017 1978 1101 Sigis-

422 1127 543 1189 mundo
568 1126 608 1189 de
632 1127 877 1208 Camyenyecz,
913 1128 1089 1192 Laurentio
1123 1128 1358 1209 Grodzyczsky
1381 1129 1422 1190 de
1446 1127 1606 1190 Poznania
1641 1127 1777 1188 doctore
1812 1125 1978 1201 medicine,

422 1233 565 1296 Iohanne
589 1232 730 1315 Gorsky,
756 1235 892 1298 Nicolao
918 1234 1112 1316 Oleschsky,
1139 1237 1280 1298 Alberto
1304 1234 1547 1314 Palcoslawslry,
1574 1233 1709 1296 Nicolao
1735 1231 1856 1304 Susski,
1885 1233 1979 1294 Nico·

422 1341 474 1402 lao
499 1339 722 1423 Othuschsky,
758 1341 902 1404 Iohanne
927 1343 1177 1424 Crothoschsky
1213 1343 1385 1406 scolastico
1410 1351 1443 1404 et
1467 1341 1629 1403 Anzelmo
1661 1341 1701 1402 de
1734 1341 1879 1402 Lucowo
1909 1361 1980 1402 can-

421 1457 508 1529 tore,
543 1449 676 1530 prelatis
701 1459 733 1512 et
757 1452 922 1512 canonicis
945 1449 1031 1512 dicte
1055 1451 1192 1512 ecclesie
1227 1450 1332 1512 eidem
1357 1449 1473 1512 sinodo
1508 1448 1728 1512 assidentibus
1763 1447 1981 1528 capitulariter

422 1557 641 1638 congregatis

638 1749 680 1812 A.
712 1764 809 1830 1501,
835 1747 914 1813 lunii
941 1767 975 1830 3,
999 1753 1031 1812 in
1056 1751 1208 1832 capitulo.

532 1885 618 1954 923.
643 1890 712 1972 (VI.
738 1892 815 1969 36⁰).
847 1891 929 1954 Item
954 1894 985 1954 in
1009 1891 1095 1956 lacto
1118 1893 1234 1956 nobilis
1259 1893 1427 1956 Vincencii
1451 1889 1637 1972 Pnyewslcy
1663 1890 1717 1952 dni
1741 1889 1856 1972 prelati
1879 1889 1977 1969 depu-

425 2006 576 2058 taverunt
611 1997 693 2059 dnos
730 1996 873 2078 Olessky
907 2011 939 2062 et
964 1999 1134 2084 Othussky
1170 2002 1345 2063 canonicos
1380 2002 1481 2062 ituros
1516 1999 1711 2061 Poznaniam
1735 1997 1777 2059 ad
1802 1997 1924 2059 Rmum
1947 2008 1979 2061 et

425 2103 555 2185 magnis.
599 2104 684 2167 dnos
727 2105 903 2168 Iohannem
928 2107 989 2170 Dei
1024 2109 1132 2190 gracia
1172 2109 1277 2189 Epum
1321 2108 1593 2178 Poznaniensem,
1635 2105 1886 2168 Iohannem
1928 2105 1979 2166 de

424 2207 566 2274 Ostro
578 2233 593 2274 r
606 2232 661 2293 og
685 2211 951 2288 Poznaniensem,
977 2213 1144 2278 Andream
1168 2217 1208 2278 de
1232 2215 1456 2279 Schamothuli
1473 2213 1701 2278 Calissiensem
1719 2224 1752 2274 et
1769 2213 1977 2274 Ambrosium

422 2318 462 2379 de
485 2316 663 2398 Pampowo
687 2321 891 2401 capitaneum
915 2325 1099 2402 generalem
1123 2323 1254 2385 Maioris
1278 2321 1410 2384 Polonie
1427 2320 1642 2384 Siradiensem
1660 2319 1831 2400 palatinos,
1847 2319 1886 2382 R.
1902 2319 1978 2381 Mtis

423 2425 678 2496 commissarios
714 2427 950 2508 quamprimum
975 2429 1005 2490 in
1030 2429 1221 2492 Poznaniam
1251 2431 1439 2491 advenerint
1474 2427 1567 2490 simul
1591 2426 1829 2508 congregandi,
1866 2426 1978 2507 quibus

422 2533 495 2594 dnis
519 2533 681 2595 canonicis
706 2535 869 2616 deputatis
893 2547 926 2598 et
950 2535 1035 2610 aliis,
1060 2557 1143 2619 quos
1166 2539 1211 2601 ire
1234 2537 1353 2600 ibidem
1370 2538 1402 2598 in
1418 2555 1458 2598 eo
1483 2535 1569 2598 lacto
1593 2535 1783 2616 contigerit,
1807 2534 1977 2615 deputacio

422 2659 512 2702 more
536 2640 633 2702 solito
657 2641 810 2704 solvetur.

531 2779 620 2848 924.
645 2783 712 2866 (VI.
738 2787 800 2864 37).
825 2785 906 2849 Item
931 2789 1168 2850 constituerunt
1192 2789 1222 2850 in
1247 2807 1340 2850 suum
1364 2795 1608 2868 procuratorem
1633 2805 1671 2846 ac
1696 2783 1852 2846 sIndicum
1878 2783 1975 2846 dnum

424 2886 555 2952 Olesski
579 2893 770 2954 canonicum
795 2905 981 2972 presentem
1005 2905 1038 2956 et
1061 2905 1287 2976 acceptantem
1310 2896 1351 2956 ad
1376 2892 1585 2976 prestandum
1622 2893 1835 2954 iuramentum
1860 2893 1891 2952 in
1916 2911 1977 2952 ma·

424 2996 519 3060 nibus
541 2997 617 3058 Rmi
642 2999 671 3060 in
698 2998 827 3062 Christo
863 3003 964 3081 patris
998 3000 1053 3064 dni
1086 3001 1236 3064 Iohannis
1259 3002 1319 3064 Dei
1352 3001 1461 3082 gracia
1490 2999 1551 3080 Epi
1575 2999 1713 3060 Poznan.
1736 3008 1792 3060 aut
1816 3018 1872 3059 sue
1896 2998 1976 3059 Rme

421 3102 488 3166 Ptis
512 3104 618 3166 vicarii
642 3107 673 3166 in
697 3105 921 3186 Spiritualibus
945 3109 1105 3190 generalis
1129 3111 1159 3170 in
1184 3109 1270 3171 lacto
1294 3107 1475 3170 carnificum
1500 3117 1532 3168 et
1556 3105 1635 3168 alias
1660 3105 1817 3168 libertatis
1841 3105 1975 3167 ecclesie

423 3207 562 3272 Poznan.
588 3214 678 3276 iuxta
709 3216 971 3278 commissionem
1003 3215 1044 3278 R.
1068 3217 1145 3280 Mtis
1180 3237 1282 3297 nuper
1318 3218 1358 3278 in
1394 3213 1722 3276 conventione
1756 3212 1975 3294 generali

420 3316 796 3398 Pyotrkoviensi
831 3344 890 3404 per
913 3324 1011 3386 dnum
1036 3321 1278 3406 Sigismundum
1303 3323 1343 3386 de
1367 3321 1595 3402 Camyenyecz
1619 3319 1811 3382 canonicum
1834 3320 1972 3383 Poznan.

422 3427 620 3506 expeditam.

632 3620 675 3684 A.
705 3637 802 3702 1501,
826 3621 905 3685 Iunii
930 3637 986 3703 25,
1011 3624 1043 3686 in
1066 3623 1217 3706 capitulo,

528 3757 705 3845 925.(V1.
731 3764 805 3846 37⁰).
842 3764 967 3828 ibidem
992 3767 1046 3828 dni
1071 3768 1248 3829 rescientes
1284 3766 1464 3828 obitum
1500 3765 1576 3826 olim
1601 3761 1669 3826 Smi
1693 3765 1845 3846 principis
1870 3775 1903 3828 et
1925 3764 1978 3826 dni

420 3868 473 3929 dni
497 3868 725 3934 Iohannis
751 3872 945 3936 Alberti
969 3874 1053 3956 dg.
1077 3873 1178 3956 Regis
1205 3873 1338 3934 Polonie
1362 3874 1392 3934 in
1417 3871 1661 3934 Thorunia
1684 3883 1802 3934 octava
1827 3871 1978 3954 Corporis

420 3975 537 4038 Christi
562 3977 681 4040 lactum
706 3980 921 4062 volentesque
947 3983 1118 4062 providere
1142 3982 1182 4042 de
1207 3981 1381 4042 securitate
1413 3980 1635 4041 clenodiorum
1661 3991 1693 4041 et
1716 3980 1849 4041 aliarum
1874 4001 1976 4042 rerum

420 4083 555 4145 ecclesie
591 4096 727 4166 propter
761 4087 943 4150 huiusmodi
978 4091 1180 4152 vacationem
1206 4107 1326 4149 corone
1351 4087 1469 4168 Regni,
1494 4087 1732 4166 deputaverunt
1756 4088 1840 4150 dnos
1864 4085 1977 4168 Czyes-

420 4192 555 4273 syelslry
578 4204 611 4256 et
636 4192 766 4258 Olesski
801 4198 902 4258 ituros
939 4196 980 4258 ad
1005 4199 1182 4276 pretorium
1214 4195 1353 4258 Poznan.
1386 4195 1519 4275 petendi
1543 4194 1581 4274 (s)
1606 4195 1842 4274 depositionem
1878 4193 1979 4256 huius·

421 4300 508 4361 modi
532 4301 753 4362 clenodiorum
790 4301 855 4362 lieri
879 4304 910 4361 in
936 4306 1094 4381 pretorio;
1130 4313 1163 4364 et
1187 4303 1227 4364 ad
1253 4303 1478 4372 revidendum,
1514 4301 1782 4362 conscribendum
1807 4312 1840 4364 et
1863 4303 1979 4362 condu-

420 4407 557 4468 cendum
581 4408 696 4469 eadem
720 4408 867 4469 clenodia
891 4429 929 4470 ac
954 4409 1185 4491 deponendum
1210 4410 1449 4490 deputaverunt
1480 4408 1564 4469 dnos
1592 4407 1766 4480 decanum,
1802 4407 1978 4482 officialem,

420 4512 619 4576 Dambrowa
644 4523 677 4576 et
701 4513 935 4598 Czyesyelsky.

633 4709 676 4772 A.
706 4725 803 4791 1501,
830 4710 909 4772 Iunii
935 4713 988 4784 28,
1015 4712 1046 4772 in
1071 4711 1224 4790 capitulo.

453 4833 457 4844 '
527 4849 613 4918 926.
637 4853 702 4937 (vr.
731 4854 806 4936 370).
828 4854 956 4917 Eodem
978 4853 1030 4916 are
1051 4852 1162 4932 Luna,
1188 4853 1328 4915 xxvur
1349 4853 1437 4928 runa,
1462 4863 1531 4916 erat
1554 4853 1663 4934 vigilia
1679 4852 1708 4913 b.
1726 4851 1811 4914 Petri
1835 4863 1869 4916 et
1892 4851 1976 4914 Paul

420 4971 535 5044 apost,
560 4961 613 5022 ubi
638 4961 670 5022 in
694 4963 805 5041 primis
828 4963 974 5043 vesperis
997 4963 1028 5023 in
1054 4959 1193 5022 ecclesia
1216 4959 1355 5023 Poznan.
1392 4960 1569 5023 solenniter
1603 4959 1775 5022 celebratis
1810 4970 1976 5039 presentes

418 5068 578 5130 affuerunt
611 5079 643 5131 et
679 5069 856 5131 Intererant
891 5089 999 5132 vener.
1035 5069 1090 5132 dni
1124 5067 1288 5130 Iohannes
1321 5069 1361 5130 de
1386 5068 1532 5130 Lucowo
1566 5067 1724 5141 decanus,
1760 5065 1914 5129 Nicolaus
1937 5067 1975 5128 de

419 5172 552 5256 Sneyna
576 5173 756 5257 Cothwycz
792 5164 997 5238 decretorum
1034 5177 1150 5238 doctor
1175 5174 1432 5246 archidiaconus,
1468 5173 1648 5236 Anzelmus
1672 5173 1712 5235 de
1736 5173 1883 5236 Lucowo
1906 5193 1977 5234 can-

418 5291 486 5353 tor,
512 5281 665 5344 Nicolaus
690 5282 730 5343 de
756 5281 872 5356 Czacz,
908 5283 1103 5346 Wladislaus
1128 5284 1168 5344 de
1195 5281 1430 5345 Glamboczecz
1463 5280 1667 5344 decretorum
1699 5281 1831 5355 doctor,
1867 5281 1976 5344 Petrus

420 5387 461 5450 de
502 5389 665 5452 Rambino
700 5392 917 5472 francrruram
961 5392 1108 5471 paciens,
1156 5389 1313 5452 Martinus
1357 5389 1398 5451 de
1439 5389 1653 5462 Dambrowa,
1697 5387 1849 5451 Andreas
1884 5387 1977 5451 Golu·

420 5497 586 5579 chowsky,
611 5499 669 5561 lob
693 5497 946 5573 RoschlrowskI,
971 5497 1123 5560 Andreas
1147 5495 1380 5578 Czyesyelsky,
1417 5495 1645 5578 Sigismundus
1673 5495 1713 5558 de
1741 5494 1975 5576 Camyenyeco

422 5603 584 5668 Iohannes
609 5605 749 5691 Gorsky,
787 5603 974 5692 Stephanus
998 5605 1175 5676 Rissinski,
1211 5603 1364 5666 Nicolaus
1389 5601 1583 5686 Oleschslry,
1616 5602 1775 5667 Albertus
1798 5595 1975 5665 Pakoslaw·
