4390 6368
907 589 996 640 ANNI
1016 586 1092 644 1521.
1705 607 1770 676 219

215 803 346 886 pallium
370 804 411 868 de
434 804 574 868 scarlato
598 825 670 867 cum
695 807 827 886 caputio
850 806 1018 869 doctorali.
1046 843 1086 854 -
1111 805 1195 870 Item
1219 807 1350 890 pallium
1375 807 1577 870 brunaticum
1602 807 1643 870 de
1666 830 1769 872 ceam-

215 913 283 976 latlr
308 933 381 976 cum
406 913 545 994 caputio.
569 949 613 960 -
637 913 721 977 Item
746 914 853 976 tunica
878 914 1055 978 scarlatica.
1079 951 1122 962 -
1145 913 1230 978 Item
1256 915 1364 978 tunica
1395 913 1436 976 de
1461 935 1571 997 panno
1595 916 1698 996 nigro.
1724 953 1767 962 -

215 1021 298 1084 Item
323 1021 457 1084 estivale
492 1021 533 1084 de
560 1021 714 1083 caamletlr
752 1021 854 1102 nigro.
879 1021 1030 1086 -Item
1067 1021 1117 1085 IV
1152 1023 1314 1103 caputiola
1349 1023 1390 1084 de
1425 1023 1579 1085 crumlutlz
1612 1023 1653 1085 de
1684 1024 1769 1086 sicca

214 1143 298 1191 rosa.
322 1163 366 1176 —-
390 1127 474 1191 Item
499 1127 549 1191 IV
573 1138 726 1209 operture
760 1128 801 1191 de
824 1140 1001 1192 axamento
1034 1131 1128 1212 nigro
1157 1152 1255 1211 super
1286 1131 1463 1212 pulvinaria
1486 1167 1530 1176 -
1553 1130 1636 1194 Item
1668 1143 1768 1213 opony

214 1234 266 1299 VI
289 1234 425 1316 figurate
456 1235 637 1317 speciebus.
664 1235 814 1299 —Item
849 1235 970 1299 lodices
1006 1236 1070 1300 duo
1105 1239 1224 1320 magni.
1249 1237 1401 1301 -Item
1437 1237 1539 1301 barva
1575 1238 1693 1301 familie
1728 1238 1768 1300 de

215 1361 325 1424 panno
348 1342 491 1406 Lunensi
515 1356 575 1424 pro
599 1343 696 1406 XXX
720 1345 879 1425 personIs

320 1449 405 1513 Item
430 1450 659 1530 deposita
682 1451 724 1513 in
748 1461 945 1516 tezauro
969 1453 1216 1534 superiori
1240 1452 1374 1515 ecclesie
1399 1451 1637 1515 Poznaniensis.

320 1556 471 1637 Inprimis
496 1558 526 1619 in
550 1570 682 1621 moneta
707 1559 738 1620 in
763 1559 877 1622 mediis
902 1581 947 1641 gr.
975 1559 1010 1622 M
1033 1561 1101 1622 flor.
1128 1581 1185 1639 per
1209 1557 1250 1644 1J2
1275 1579 1474 1640 sexagenam
1498 1560 1624 1641 absque
1648 1558 1765 1623 XVIII

215 1665 283 1727 flor.
308 1674 342 1726 et
365 1662 451 1726 VIII
474 1685 521 1746 gr.
547 1667 578 1726 iu
603 1666 684 1728 cista
709 1666 795 1728 ferro
819 1667 992 1730 reformata
1017 1688 1076 1748 per
1099 1667 1198 1729 dnum
1215 1666 1339 1749 Migdal
1359 1667 1551 1728 canonicum
1568 1667 1710 1747 repositi.
1727 1703 1770 1713 -

213 1772 297 1835 Item
322 1771 441 1834 ibidem
466 1773 496 1833 in
521 1771 635 1834 eadem
666 1774 746 1836 cista
779 1773 813 1836 M
838 1774 904 1836 lior.
938 1777 970 1836 in
1005 1784 1138 1837 moneta
1173 1794 1231 1854 per
1268 1773 1308 1858 Ἃ,
1343 1792 1541 1854 sexagenam
1575 1794 1633 1853 per
1668 1773 1766 1835 dnum

213 1877 424 1942 castellanum
456 1889 490 1941 et
520 1880 724 1960 capitaneum
760 1881 898 1943 Poznan.
930 1902 990 1962 pro
1021 1881 1087 1944 dno
1122 1880 1281 1943 marsalco
1313 1881 1425 1952 soluti,
1458 1881 1600 1960 repositi.
1626 1917 1667 1926 -
1691 1879 1767 1942 Ex·

213 2005 296 2066 pos
309 1987 318 2047 i
331 1997 375 2047 ta
398 1986 439 2048 de
464 1986 605 2050 eisdem:
630 1988 707 2050 item
731 1987 772 2051 de
788 1989 979 2069 supradictis
997 1990 1141 2070 pecuniiS
1158 1987 1212 2050 dni
1229 2007 1366 2050 unacum
1383 1987 1448 2048 dno
1466 1987 1610 2067 palatino
1628 1987 1766 2050 Poznan.

213 2113 272 2174 pro
297 2093 506 2174 expeditione
530 2094 695 2174 sepulture
719 2105 752 2157 et
776 2095 894 2158 familie
919 2097 1018 2176 ipsius
1054 2095 1197 2158 defuncti
1232 2104 1425 2175 receperunt
1460 2092 1544 2156 CCC
1576 2114 1766 2176 sexagenas

319 2198 358 2260 In
382 2208 576 2264 tezauro
601 2201 827 2264 inferiori
849 2203 992 2265 eiusdem
1017 2203 1154 2265 ecclesie
1178 2203 1338 2283 reposita:

319 2307 401 2370 Item
426 2309 569 2388 inprimis
592 2308 625 2371 V
649 2308 745 2371 millia
769 2309 837 2372 flor.
864 2310 1006 2392 Hungar.
1038 2321 1071 2372 et
1095 2310 1125 2371 D
1148 2309 1259 2371 floreni
1284 2310 1315 2369 in
1338 2328 1417 2370 auro
1440 2309 1593 2388 reposita.
1619 2307 1766 2372 —Item

212 2415 244 2476 in
267 2414 329 2476 alia
360 2414 475 2477 cistula
506 2414 590 2478 CCC
622 2435 802 2497 sexagene‚
835 2416 911 2478 LXI
941 2437 1047 2478 marca
1072 2417 1278 2497 pecuniarum
1304 2435 1364 2496 pro
1388 2413 1514 2496 prelato
1543 2413 1674 2496 magnii.
1699 2415 1765 2477 dno

212 2519 348 2584 Nicolao
372 2519 545 2603 Gardzyna
569 2522 609 2585 de
634 2523 803 2587 Lubrancz
829 2523 974 2604 palatino
998 2523 1137 2586 Poznan.
1162 2525 1306 2604 reposite
1331 2533 1364 2586 et
1387 2522 1520 2586 tandem
1544 2542 1602 2604 per
1626 2523 1765 2584 eundem

211 2641 354 2710 recepte.

318 2735 354 2798 In
378 2746 582 2820 argento
606 2739 724 2801 ibidem
748 2740 911 2820 reposita:

318 2843 354 2906 In
379 2845 489 2926 prImis
513 2867 622 2908 vanna
646 2847 725 2910 alias
753 2847 988 2928 depositorium
1021 2848 1061 2912 de
1093 2869 1215 2912 mensa.
1239 2847 1387 2910 -Item
1418 2857 1484 2910 tres
1516 2867 1642 2927 smwgy
1672 2865 1767 2906 orna-

212 2953 314 3014 menti
337 2951 378 3014 de
400 2954 583 3034 margaritis
608 2975 668 3034 pro
692 2956 834 3016 manicis
859 2991 902 3000 -
926 2955 1008 3018 Item
1033 2955 1085 3019 III
1108 2956 1218 3018 fallera
1242 2975 1315 3018 cum
1332 2956 1555 3036 podpyersyny
1571 2973 1643 3014 cum
1661 2951 1764 3033 puelis

212 3060 339 3140 magnis
362 3061 524 3122 inauratis.
554 3095 591 3106 -
616 3061 699 3123 Item
723 3060 774 3125 III
798 3061 887 3124 frena
910 3063 1055 3125 similiter
1079 3083 1151 3125 cum
1176 3063 1280 3143 puelis
1303 3063 1430 3143 magnis
1445 3061 1606 3123 inauratis
1624 3097 1666 3105 -
1683 3059 1765 3122 Item

211 3165 262 3228 III
286 3166 406 3248 cinguli
429 3170 575 3249 argentei
600 3188 671 3231 cum
697 3169 799 3249 puelis
823 3170 958 3250 magnis.
975 3171 1117 3233 -Item
1141 3169 1175 3233 II
1199 3170 1318 3252 cinguli
1343 3169 1434 3250 parvi
1458 3187 1531 3230 cum
1556 3177 1704 3249 argento.
1721 3203 1765 3212 -

212 3273 293 3336 Item
318 3274 421 3355 peIVIs
445 3276 546 3337 maior
569 3295 641 3337 cum
674 3275 803 3338 lusorio.
827 3313 871 3321 -
895 3277 976 3339 Item
1012 3288 1078 3339 tres
1110 3277 1244 3339 scutelle
1269 3297 1396 3358 magne.
1421 3274 1569 3337 -Item
1601 3274 1765 3336 credentia

212 3381 355 3445 inaurata
379 3403 451 3443 cum
478 3382 600 3443 corallo
624 3403 753 3464 magno
777 3419 820 3428 —-
845 3383 926 3446 Item
951 3381 1003 3447 III
1026 3385 1157 3445 cantari
1175 3385 1292 3465 magni.
1312 3382 1453 3444 -Item
1478 3379 1511 3443 II
1526 3380 1633 3463 flasse
1655 3381 1765 3462 magni

211 3489 365 3570 ponderis
389 3509 462 3552 cum
486 3489 609 3551 catenis
633 3489 759 3570 prefato
782 3491 869 3552 Rmo
894 3490 1046 3553 defuneto
1070 3491 1112 3552 ab
1136 3491 1213 3552 olim
1237 3492 1531 3570 imperatore
1563 3488 1764 3550 Maximi·

210 3597 340 3658 liano
364 3596 494 3658 donate.
522 3633 561 3642 -
586 3596 668 3659 Item
689 3597 740 3660 IV
764 3598 871 3660 cutelli
895 3599 1033 3660 Incisorii
1057 3619 1131 3660 cum
1155 3607 1293 3679 argento
1318 3599 1464 3660 inaurato
1489 3596 1663 3659 reformati.

318 3703 528 3785 Recepta
552 3705 592 3765 de
617 3705 807 3786 supradictis
834 3726 891 3786 per
915 3705 1013 3766 dnum
1039 3705 1305 3786 palatInum
1330 3703 1507 3786 prefatum:

316 3811 465 3892 Inprimis
489 3813 633 3874 cisticula
656 3831 729 3874 cum
755 3813 899 3892 pecuniis
924 3813 1075 3875 videlicet
1107 3811 1191 3874 CCC
1224 3813 1410 3892 sexageni5‚
1448 3810 1523 3873 LXI
1552 3829 1659 3872 marca
1694 3831 1764 3891 pre·

210 3919 312 3981 dictis.
338 3955 381 3964 -—
405 3917 486 3980 Item
511 3917 545 3982 II
560 3919 667 4002 flasse
689 3921 835 4000 predicte
859 3939 932 3981 cum
957 3921 1080 3982 catenis
1110 3920 1151 3981 ab
1176 3919 1481 4000 imperatore.
1505 3954 1550 3964 -—
1573 3917 1657 3980 Item
1681 3918 1764 3980 trina

210 4025 320 4088 fallera
343 4045 416 4087 cum
435 4026 635 4107 podpersyny
658 4035 691 4088 et
715 4027 775 4088 tria
799 4026 888 4088 frena
912 4047 985 4089 cum
1006 4035 1079 4088 toto
1095 4037 1255 4108 apparatu
1272 4028 1392 4107 equino
1408 4025 1603 4107 supradicto.
1619 4061 1662 4070 -
1678 4023 1763 4088 Item

209 4131 245 4196 II
268 4131 387 4214 cinguli
410 4134 501 4214 parvi
524 4152 597 4194 cum
621 4143 766 4214 argento

317 4239 447 4301 Libri
471 4250 548 4320 post
572 4250 710 4302 mortem
735 4240 849 4321 prefati
874 4239 928 4302 dni
952 4239 1015 4320 Epi
1039 4239 1222 4302 Lubranski
1246 4240 1381 4320 reperti:

317 4346 506 4408 Leonardus
530 4347 696 4409 AretInus.
720 4383 763 4393 -
787 4347 886 4408 Liber
910 4346 1151 4427 privilegiorum
1187 4348 1228 4408 de
1259 4347 1361 4428 gestis
1393 4345 1618 4408 Prussitarum.
1643 4381 1685 4391 —
1710 4343 1763 4406 Sa·

211 4454 324 4516 Iustius
349 4454 380 4514 in
405 4473 606 4534 pergameno
630 4455 780 4534 scriptus
806 4491 847 4498 -
872 4452 1033 4516 Guarinus
1057 4455 1088 4515 in
1111 4453 1303 4516 Plutarcum.
1323 4491 1367 4499 —
1382 4451 1510 4515 Strabo
1529 4489 1572 4496 -
1589 4450 1764 4515 Orationes

210 4559 384 4622 Ciceronis.
415 4597 452 4608 —
477 4559 638 4642 Georgius
662 4561 767 4623 Valla.
794 4597 833 4606 -
860 4557 970 4641 Opera
995 4559 1152 4623 Anzelmi
1174 4597 1215 4605 -
1233 4559 1456 4623 Philostratus.
1474 4595 1517 4606 -
1533 4557 1704 4641 Georgica.
1722 4597 1762 4604 -

209 4668 338 4730 Plinius.
359 4703 398 4712 —
416 4667 592 4730 Frontinus
616 4667 656 4729 de
681 4688 764 4748 aque
788 4667 897 4730 ductu.
916 4703 957 4712 ——
975 4666 1102 4728 Textus
1120 4666 1346 4729 Decretalium.
1362 4703 1406 4712 -
1422 4665 1541 4728 Albius
1558 4665 1703 4728 Tibulus.
1721 4703 1762 4712 -

210 4773 404 4836 Pontificale.
434 4811 475 4819 —
501 4772 672 4836 Confessio
707 4774 919 4836 ValdensIum
948 4793 1021 4836 cum
1057 4773 1204 4854 epistoliS
1234 4773 1275 4835 ad
1310 4793 1420 4854 regem
1456 4773 1695 4854 Hungarorum.
1721 4809 1764 4818 -

209 4881 370 4962 Iozephus
394 4882 435 4942 de
459 4879 545 4942 bello
570 4881 711 4944 Iudaico.
730 4917 773 4927 -
790 4880 909 4942 Strabo
930 4881 971 4942 de
988 4881 1050 4942 situ
1068 4881 1164 4942 orbis.
1182 4917 1223 4926 —-
1240 4880 1399 4943 Pedianus
1415 4890 1529 4943 contra
1545 4879 1704 4942 Pisonem.
1723 4917 1763 4926 —

208 4987 352 5050 Libellus
377 4987 477 5050 Publii
500 4989 541 5049 ad
566 4989 664 5049 dnum
688 4988 867 5050 Iohannem
893 4989 998 5069 Epum
1024 4987 1116 5050 Crac.
1142 5025 1184 5032 —-
1209 4984 1399 5052 Laurentius
1424 4987 1586 5050 Valensis
1606 5023 1648 5034 -
1663 4987 1764 5048 Euze·

209 5095 289 5157 bius.
308 5131 348 5140 -
367 5095 550 5157 Bulidanus.
570 5132 610 5140 -
636 5095 774 5158 Plautus.
799 5131 842 5141 -
867 5095 987 5157 Sextus
1011 5094 1110 5157 Iulius
1135 5095 1317 5157 Frontinus.
1343 5133 1385 5142 —
1408 5094 1570 5157 Xenofon.
1595 5131 1637 5139 -
1661 5093 1763 5156 Luca·

209 5223 277 5263 nus.
303 5238 345 5246 -
370 5202 528 5283 Dialogus
553 5202 710 5283 Gregorii.
737 5241 778 5248 -
803 5203 1017 5265 Historiarum
1042 5201 1167 5264 Iustini.
1194 5239 1236 5248 -
1260 5201 1386 5264 Persius
1410 5221 1482 5263 cum
1501 5202 1703 5264 commentis
1720 5237 1764 5246 —

208 5309 381 5389 Digestum
400 5329 529 5371 novum.
547 5347 587 5354 --
607 5309 718 5371 Petrus
736 5309 877 5372 Crinitus
893 5310 934 5372 de
951 5309 1123 5371 honestate
1140 5308 1317 5388 discipline.
1335 5345 1376 5354 -
1393 5307 1556 5389 Tragedie
1573 5307 1707 5370 Senece.
1724 5344 1762 5352 -

208 5416 358 5496 Epistole
391 5416 548 5495 Philelphi
579 5415 749 5479 Francisci.
776 5455 816 5461 —
842 5416 1084 5479 commentaria
1119 5415 1257 5478 Cezaris.
1284 5453 1324 5461 —-
1347 5415 1518 5478 Iuvenalis.
1547 5453 1588 5460 -
1614 5415 1763 5496 Apianus

207 5523 250 5585 de
274 5523 366 5586 bellis
391 5523 545 5587 civilibus.
571 5561 610 5567 —
637 5523 768 5604 Clipeus
791 5535 906 5586 contra
929 5523 1089 5586 Picardos.
1115 5561 1155 5568 —
1180 5523 1308 5585 Erasini
1331 5523 1522 5585 Roterdani.
1548 5559 1587 5567 —-
1606 5522 1763 5584 Innocen-

207 5632 272 5698 tius
297 5651 394 5712 super
418 5631 617 5693 Decretales.
644 5669 683 5676 —-
709 5629 829 5694 Sextus
853 5630 1062 5694 decretalium
1091 5651 1163 5694 cum
1188 5629 1408 5696 Clementinis.
1434 5667 1473 5674 —-
1499 5629 1674 5692 Sermones
1698 5629 1761 5692 Cri-
