4416 6366
817 587 997 638 ANNORUM
1018 585 1204 642 1489—1491.

448 799 490 862 A.
520 817 610 878 1490,
636 799 833 862 Novembris
862 800 940 882 151),
964 803 995 862 in
1021 801 1164 881 capitulo
1188 801 1341 883 generali.

343 938 432 1008 802.
468 942 522 1023 (V.
551 943 612 1022 1ο).
648 941 771 1006 Ibidem
810 943 863 1005 dni
888 943 1116 1018 decreverunt,
1149 944 1235 1024 quod
1260 944 1342 1006 dnus
1366 943 1592 1025 Sigismundus
1615 944 1791 1006 canonicus

234 1070 351 1131 regens
375 1049 449 1112 ville
471 1047 694 1129 Szwyrczewo
720 1048 846 1114 edificet
872 1051 1005 1112 domurn
1029 1053 1061 1112 in
1084 1051 1170 1113 curia
1196 1049 1247 1112 vel
1271 1052 1303 1112 in
1327 1072 1401 1114 area
1434 1051 1612 1114 kmetonali
1643 1062 1676 1114 et
1704 1049 1791 1113 locet

234 1157 278 1218 ibi
301 1157 352 1220 vel
376 1156 530 1218 colonum
554 1155 606 1218 vel
631 1157 836 1230 kmetonern,
861 1158 934 1238 quia
958 1157 1081 1232 kmet0,
1106 1159 1158 1238 qui
1184 1157 1226 1220 ibi
1251 1159 1344 1220 sedet
1367 1157 1544 1230 solitarius,
1569 1159 1650 1221 dixit
1674 1177 1790 1220 senon

235 1283 334 1346 posse
357 1263 554 1346 peramplius
578 1283 709 1328 manere
733 1265 775 1328 ibi
797 1265 923 1347 absque
947 1267 1045 1340 soci0,
1070 1265 1111 1327 ad
1136 1265 1222 1346 quod
1247 1263 1428 1328 faciendum
1453 1285 1488 1328 se
1513 1265 1595 1328 dnus
1617 1263 1792 1347 ,5191111111-

236 1371 295 1435 dus
318 1371 475 1434 submisit.

448 1565 490 1629 A.
519 1585 618 1646 1491,
642 1567 721 1630 lunii
749 1581 783 1648 5,
807 1569 839 1629 in
864 1567 1018 1648 capitulo.

342 1705 430 1774 803.
466 1709 520 1790 (V.
549 1712 607 1788 12).
645 1709 707 1772 Dni
731 1711 970 1790 deputaverunt
1001 1711 1100 1773 dnum
1122 1709 1316 1791 Czesselsky
1339 1710 1380 1772 ad
1405 1709 1577 1772 emendum
1604 1709 1701 1772 barile
1726 1711 1790 1772 vini

235 1827 268 1880 et
292 1816 353 1879 llll
376 1815 458 1880 ollas
482 1816 655 1881 malmatici
679 1838 739 1900 pro
763 1818 829 1881 dno
854 1818 927 1900 Epo
952 1817 1256 1900 Cuyaviensi.

449 2011 491 2073 A.
522 2029 619 2090 1491,
644 2011 723 2074 Iunii
752 2029 799 2090 10,
825 2013 856 2074 in
881 2011 1034 2094 capitulo,

344 2149 430 2219 804.
466 2155 519 2236 (V.
549 2153 653 2234 12⁰)..
688 2156 807 2218 Vener.
834 2156 889 2218 dni
912 2155 1072 2236 officialis,
1103 2155 1329 2228 cancellarius,
1362 2153 1493 2226 Hector,
1523 2147 1698 2224 Martinus,
1723 2150 1792 2214 Ste-

235 2259 362 2342 phanus
386 2262 624 2342 deputaverunt
645 2263 728 2324 dnos
745 2260 876 2343 Gorsky
895 2274 928 2325 11
945 2261 1140 2344 Czesselslry
1163 2263 1204 2325 ad
1229 2263 1393 2324 civitatem
1413 2261 1454 2323 ad
1471 2260 1569 2323 dnum
1586 2259 1792 2340 capitaneum

235 2369 266 2429 in
290 2368 379 2431 facto
402 2368 568 2431 duccionis
591 2369 725 2431 cervisie
748 2369 953 2432 Zneznensis.

449 2565 493 2626 A.
524 2579 622 2641 1491,
646 2562 715 2626 lulii
741 2575 776 2644 5,
799 2566 831 2626 in
855 2562 998 2645 capitulo
1022 2563 1173 2646 generali.

343 2700 430 2769 805.
461 2705 511 2786 (V.
541 2707 611 2788 14⁰).
642 2705 765 2769 Ibidem
790 2727 897 2770 vener.
922 2707 977 2768 dni
1001 2705 1115 2787 prelati
1139 2717 1173 2769 et
1196 2707 1342 2769 canonici
1368 2726 1476 2769 vener.
1502 2705 1601 2767 dnum
1624 2703 1792 2766 Andream
1827 2774 1831 2780 .

235 2811 276 2874 de
301 2810 505 2874 Goluchowo
525 2813 715 2876 canonicum
741 2815 876 2877 Poznan.
898 2814 1028 2877 fratrem
1045 2817 1189 2894 ipsorum
1207 2813 1346 2876 fraterne
1362 2811 1529 2896 arguendo
1547 2821 1580 2874 et
1596 2807 1791 2891 corrigendo

236 2929 418 3000 propterea,
443 2919 530 3000 quod
557 2939 593 2982 se
616 2920 745 3001 aliquali
769 2923 964 2984 necessitate
987 2921 1027 2982 ad
1052 2920 1164 2984 hostes
1181 2940 1246 2983 non
1262 2929 1388 2983 tantum
1406 2919 1446 2981 ad
1463 2919 1576 2982 hostes
1591 2917 1792 2980 inimicorum

236 3026 294 3088 sed
322 3025 363 3088 ad
386 3025 500 3090 hostes
531 3026 667 3089 ecclesie
699 3039 733 3092 et
764 3049 975 3110 personarum
1008 3027 1144 3090 ecclesie
1169 3027 1366 3090 diffidatores
1391 3026 1602 3110 relinquendo
1626 3023 1790 3098 beneficia,

235 3131 340 3206 villas,
365 3133 497 3196 domum
520 3145 552 3196 et
576 3134 638 3196 alia
662 3155 720 3197 sua
742 3136 874 3217 propria
897 3135 1044 3217 confugit
1072 3145 1104 3197 et
1129 3134 1170 3196 ab
1195 3135 1317 3198 eisdem
1348 3134 1496 3204 consilia,
1529 3132 1646 3198 auxilia
1675 3141 1789 3194 contra

236 3239 406 3303 ecclesiam
430 3239 568 3304 Poznan.
594 3252 627 3304 et
652 3243 751 3323 ipsius
782 3242 918 3306 ecclesie
950 3263 1107 3324 personas
1140 3244 1254 3322 petivit
1286 3253 1319 3305 11
1350 3241 1545 3324 postulavit3
1578 3261 1620 3302 ex
1651 3258 1788 3321 quorum

235 3350 370 3411 consilio
394 3359 426 3412 et
449 3349 568 3410 auxilio
593 3349 735 3413 hostium
759 3349 903 3430 prefatus
928 3371 1036 3412 vener.
1063 3350 1146 3412 dnus
1171 3349 1323 3412 Andreas
1347 3348 1592 3428 Goluchowslry
1616 3347 1790 3409 canonicus

235 3455 374 3520 Poznan.
401 3457 548 3536 personis
572 3459 669 3520 certis
701 3457 836 3520 ecclesie
867 3457 1007 3520 Poznan.
1039 3459 1105 3520 suis
1136 3457 1249 3520 litteris
1280 3478 1377 3520 manu
1409 3478 1466 3520 sua
1498 3457 1630 3537 propria
1661 3453 1790 3534 scriptis

236 3562 408 3637 diffidavit,
441 3583 503 3644 que
532 3562 637 3626 littere
669 3565 698 3625 in
731 3565 839 3627 medio
872 3566 1009 3627 dnorum
1041 3563 1169 3626 fuerunt
1201 3565 1284 3628 lecte
1315 3577 1348 3628 11
1379 3565 1421 3626 ad
1452 3585 1533 3646 quas
1557 3565 1684 3644 ipsese
1708 3562 1791 3624 dnus

236 3669 388 3734 Andreas
412 3669 657 3751 Goluchowsky
681 3671 873 3753 recognovit
897 3682 930 3734 et
954 3671 1127 3733 fraternam
1152 3692 1190 3733 ac
1207 3673 1407 3734 caritativam
1431 3673 1558 3734 veniam
1575 3681 1608 3733 et
1624 3670 1791 3732 correctio·

236 3795 310 3838 nem
334 3775 519 3858 postulavit.
559 3777 623 3858 Qui
647 3779 701 3840 dni
724 3778 873 3840 videntes
896 3779 997 3858 ipsius
1021 3777 1296 3850 humiliacionem,
1327 3779 1421 3840 venie
1445 3777 1640 3858 peticionem
1664 3788 1698 3839 et
1723 3795 1789 3836 cor·

235 3877 436 3958 rectionem,¹
465 3885 698 3948 subiectionem
734 3905 772 3948 ac
808 3886 908 3966 ipsius
942 3887 1102 3967 propositi
1139 3886 1211 3948 mali
1241 3887 1479 3972 depositionem
1511 3887 1617 3966 ipsum
1648 3884 1790 3946 fraterne

235 3991 428 4074 corrigendo
460 3992 502 4054 ab
526 3995 674 4074 ingressu
705 3993 852 4073 capituli,
884 4013 903 4054 a
933 3993 1167 4058 refeccionibus
1198 3992 1398 4066 cottidianis,
1429 3993 1574 4074 exequiis
1605 4003 1638 4054 et
1670 4010 1790 4072 panum

235 4099 520 4161 distribucionibus
543 4120 601 4180 per
625 4119 723 4161 unum
747 4120 864 4161 annum
891 4101 1052 4182 integrum
1084 4101 1339 4181 suspenderunt,
1371 4102 1415 4164 ita
1447 4111 1572 4174 tamen,
1604 4098 1691 4180 quod
1721 4099 1791 4178 ipse

235 4207 318 4268 dnus
343 4207 494 4269 Andreas
518 4205 765 4286 Goluchowsky
789 4208 964 4270 canonicus
988 4207 1126 4270 Poznan.
1151 4209 1249 4270 debet
1265 4208 1463 4269 reconciliari
1479 4207 1628 4287 personis
1645 4205 1789 4276 ecclesie,

235 4314 353 4396 quibus
377 4313 532 4378 diffidavit
556 4315 622 4376 suis
646 4313 759 4377 litteris
783 4313 862 4375 infra
888 4334 984 4376 unum
1010 4335 1171 4388 mensem,
1199 4315 1386 4376 caucionem
1411 4313 1644 4375 fideiussoriam
1668 4331 1791 4392 ponere

235 4421 308 4484 dnis
331 4421 445 4492 debet,
470 4441 677 4502 quascunque
700 4441 858 4501 personas
882 4421 1063 4502 spirituales
1087 4433 1143 4485 aut
1167 4422 1327 4484 seculares
1344 4420 1464 4482 babere
1482 4421 1602 4500 poterit
1618 4419 1789 4481 dumtaxat

235 4529 320 4590 bene
343 4528 547 4591 abundantes
571 4539 604 4592 ct
629 4530 907 4610 possessionatos,
940 4548 981 4590 ne
1012 4530 1095 4591 ultra
1119 4540 1152 4592 et
1177 4527 1373 4610 peramplius
1397 4547 1553 4609 personas
1578 4527 1714 4589 ecclesie
1739 4525 1792 4587 dif-

235 4635 364 4710 fidaret,
390 4645 486 4717 prout
510 4635 720 4708 diffidaverat,
745 4647 778 4698 et
802 4637 843 4698 ad
867 4638 1073 4697 securitatem
1099 4637 1165 4699 vite
1189 4637 1230 4698 ab
1254 4635 1395 4699 hostiurn
1413 4637 1538 4699 incursu
1564 4653 1695 4697 suorum
1719 4653 1791 4694 con·

235 4741 367 4806 fratrum
392 4743 578 4823 providerit.
619 4743 662 4806 Et
685 4743 812 4806 interim
837 4746 862 4806 si
887 4744 939 4804 dni
964 4743 1121 4806 videbunt
1145 4744 1249 4824 ipsum
1280 4745 1444 4824 pociorem
1476 4741 1734 4805 humiliacionem
1758 4749 1792 4802 et

234 4851 301 4913 vite
324 4869 382 4912 sue
406 4851 674 4924 melioracionem,
698 4852 731 4912 in
754 4851 818 4912 alio
842 4850 986 4930 capitulo
1010 4850 1153 4932 generali
1177 4861 1315 4934 protunc
1340 4862 1477 4913 venturo
1501 4849 1740 4912 relaxacionem
1758 4856 1791 4908 et

235 4957 496 5020 moderacionem
520 4957 625 5021 facere
649 4957 808 5021 dixerunt.

450 5150 492 5214 A.
522 5169 622 5233 1491,
647 5149 802 5214 Octobris
831 5167 884 5222 11,
909 5150 939 5212 in
964 5149 1118 5230 capitulo

344 5289 430 5358 806.
465 5293 515 5374 (V.
545 5295 636 5373 16)..
673 5293 737 5355 Dni
762 5292 981 5373 capitulariter
1007 5293 1202 5372 congregati
1226 5291 1310 5353 inter
1333 5311 1442 5354 vener.
1467 5290 1552 5354 dnos
1575 5290 1790 5353 Vincencium

234 5400 483 5482 Strzalkowslry
506 5411 539 5464 et
564 5401 740 5464 Hectorem
773 5401 925 5462 cominati
960 5409 1035 5461 sunt
1067 5399 1189 5462 eisdem
1222 5398 1525 5478 provinciale
1556 5407 1791 5461 statutum

267 5545 376 5552 Q..—
383 5545 451 5550 ...ο
457 5545 545 5550 ——.-

344 5629 451 5700 ι)1)1111ι
469 5647 493 5680 w
512 5629 656 5700 oryginnle:
679 5629 743 5679 »Die
764 5630 834 5680 Luae
853 5627 1116 5680 111111110111111111
1136 5629 1185 5696 jest
1204 5627 1306 5697 bledda.
