4458 6356
917 573 1011 624 ACTA
1030 573 1192 624 CAPITULI
1211 573 1466 624 I'OZNANIENSIS

627 785 671 848 A.
702 803 792 864 1444,
817 783 895 848 Iunii
921 802 970 864 30,
994 789 1025 848 in
1050 785 1193 868 capitulo
1218 786 1369 869 generali.

518 923 608 992 299.
631 927 681 1008 (ΙΙ.
708 927 787 1008 35⁰).
811 927 891 989 Item
916 927 1035 990 ibidem
1060 937 1257 1002 annuerunt,
1281 927 1370 1010 quod
1394 947 1511 990 census
1535 929 1630 990 trium
1655 947 1844 1000 marcarum,
1868 947 1963 1007 quem

410 1035 492 1095 dnus
516 1033 606 1115 Epus
629 1035 807 1115 assignavit
832 1046 864 1096 et
888 1035 1020 1097 donavit
1038 1035 1181 1115 capitulo
1198 1055 1258 1116 pro
1274 1037 1493 1098 annIversario
1510 1055 1571 1097 suo
1589 1035 1619 1095 in
1636 1035 1711 1096 villa
1728 1033 1964 1116 Poszwyanthe

410 1141 441 1202 in
466 1141 610 1204 districtu
635 1139 794 1224 Comensi,
819 1141 1028 1204 transferatur
1051 1141 1091 1202 ad
1108 1141 1216 1202 villam
1238 1140 1367 1222 Splawe
1384 1141 1501 1202 ibidem
1518 1144 1548 1202 in
1566 1143 1680 1203 eodem
1698 1142 1851 1216 districtu,
1868 1161 1963 1222 quem

410 1267 543 1310 censum
567 1247 686 1310 nobilis
709 1248 773 1310 dna
797 1247 890 1310 heres
913 1250 945 1308 in
969 1245 1099 1328 Splawe
1131 1247 1344 1329 personaliter
1375 1249 1551 1310 constituta
1576 1248 1690 1329 petivit
1715 1249 1746 1310 in
1770 1268 1805 1310 se
1828 1259 1861 1311 et
1885 1267 1962 1310 suos

411 1354 492 1417 lilios
516 1375 553 1416 ac
577 1375 783 1416 successores
807 1353 942 1416 heredes
966 1356 996 1415 in
1021 1353 1151 1435 Splawe
1175 1355 1346 1428 transferri,
1371 1355 1508 1416 eundem
1533 1375 1665 1416 censum
1682 1355 1815 1416 soluturi
1840 1355 1964 1418 inlatis

411 1462 533 1542 grossis
557 1473 612 1524 aut
636 1463 668 1522 in
693 1462 806 1522 mediis
841 1483 889 1542 gr.
914 1482 987 1523 cum
1023 1463 1384 1536 addicionibus,
1420 1462 1447 1524 si
1471 1473 1610 1542 protunc
1645 1464 1676 1523 in
1712 1461 1850 1524 futurum
1875 1482 1962 1523 cur·

411 1579 516 1632 rent
539 1568 825 1632 addiciones
849 1571 892 1630 in
917 1589 1077 1650 regno.

623 1761 665 1826 A.
695 1779 792 1842 1444,
817 1761 884 1824 Iulii
913 1779 944 1836 1,
968 1762 999 1822 in
1023 1760 1166 1842 capitulo
1190 1761 1341 1844 generali.

438 1903 440 1906 ’
517 1900 605 1968 291.
628 1889 680 1984 (Il.
707 1905 769 1983 36).
793 1902 875 1966 Item
899 1903 1141 1974 concluserunt,
1174 1903 1263 1985 quod
1287 1902 1481 1966 kmethones
1512 1903 1578 1965 bini
1601 1915 1634 1966 ct
1657 1904 1721 1966 bini
1745 1905 1785 1966 de
1810 1905 1960 1966 omnibus

409 2012 491 2074 villis
515 2012 652 2073 dnorum
676 2011 738 2090 Epi
762 2021 795 2074 et
818 2011 948 2091 capituli
977 2011 1138 2073 adducant
1170 2011 1288 2072 robora
1312 2011 1353 2072 ad
1377 2009 1546 2072 ecclesiam
1571 2010 1601 2072 b.
1627 2010 1728 2072 Marie
1760 2012 1891 2092 virginIs
1915 2031 1962 2074 se·

410 2119 473 2180 mel
497 2129 623 2181 tantum
647 2117 688 2180 de
711 2139 816 2198 prope
839 2128 873 2180 et
896 2119 1059 2180 vicinitate
1085 2119 1328 2200 propinquiori,
1351 2128 1383 2180 et
1406 2117 1489 2180 dnus
1515 2117 1606 2198 Epus
1624 2117 1803 2192 ordinabit,
1829 2119 1882 2180 ubi
1900 2139 1964 2180 non

409 2225 552 2306 poterint
576 2227 607 2286 ln
630 2225 712 2287 villis
736 2224 866 2305 capituli
890 2225 1009 2287 robora
1033 2225 1176 2287 inveniri.

626 2418 669 2482 A.
701 2435 791 2497 1444,
815 2417 884 2480 Iulii
909 2435 937 2496 3,
961 2419 992 2480 in
1016 2418 1160 2500 capitulo
1184 2418 1335 2500 generali.

519 2557 607 2625 292.
630 2559 678 2641 (II.
705 2561 782 2640 36⁰).
808 2559 930 2622 Ibidem
954 2561 984 2621 in
1010 2571 1083 2623 cetu
1107 2561 1251 2623 omnium
1275 2559 1473 2642 prelatorum
1489 2569 1522 2622 ct
1538 2562 1768 2623 canonicorum
1786 2561 1961 2641 capitulum

412 2667 564 2750 generale
599 2667 835 2730 celebrancium
871 2677 1028 2750 querente
1064 2667 1150 2729 Rmo
1185 2677 1277 2748 patre
1301 2677 1333 2730 et
1357 2668 1423 2728 dno
1447 2665 1581 2730 Andrea
1604 2667 1633 2728 d.
1657 2689 1689 2750 g.
1715 2667 1788 2749 Epo
1812 2668 1961 2740 Poznan.,

409 2796 451 2838 an
475 2784 561 2838 esset
584 2775 698 2854 aliquis
721 2795 764 2836 ex
787 2775 880 2856 ipsis,
916 2775 970 2857 qui
994 2777 1089 2838 sciret
1120 2777 1225 2855 ipsum
1256 2775 1355 2836 dnum
1388 2774 1495 2855 Epum
1527 2775 1559 2836 in
1582 2775 1690 2856 aliquo
1714 2787 1781 2838 tam
1805 2777 1837 2836 in
1860 2775 1959 2837 admi·

410 2883 603 2945 nistracione
627 2879 844 2962 SpIritualium
867 2893 923 2944 aut
947 2883 1106 2944 bonorum
1131 2882 1373 2962 temporalium,
1398 2901 1494 2962 quam
1519 2883 1549 2943 in
1574 2884 1640 2944 vita
1656 2893 1690 2945 et
1706 2885 1956 2946 conversacione

410 3009 483 3052 esse
506 2988 735 3062 defectuosum,
759 2989 978 3070 negligentem
996 2989 1046 3050 vel
1064 2999 1258 3069 suspectum,
1283 3008 1397 3050 omnes
1420 2988 1624 3051 concorditer
1647 2989 1887 3070 responderunt
1904 3009 1962 3070 per

411 3097 518 3158 omnia
542 3097 629 3158 etin
654 3096 803 3160 omnibus
839 3097 921 3158 bene
956 3095 1069 3159 secisse
1104 3107 1137 3158 et
1161 3095 1274 3178 facere,
1310 3115 1370 3157 nec
1401 3096 1506 3159 Inesse
1530 3097 1590 3158 sibi
1614 3097 1733 3178 aliquid
1757 3097 1962 3159 correccione

412 3204 555 3286 dignum.

617 3341 660 3406 A.
691 3361 781 3424 1444,
805 3344 872 3407 Iulii
895 3361 926 3426 7,
949 3345 980 3406 in
1004 3345 1147 3426 capitulo
1171 3345 1325 3427 generali.

520 3479 606 3549 293.
631 3485 680 3567 (II.
707 3487 766 3568 37).
798 3487 873 3548 Dno
898 3507 991 3568 mgro
1023 3487 1151 3549 Thome
1183 3486 1431 3568 Strzampinsky
1463 3487 1666 3550 decretorum
1690 3487 1815 3550 doctori
1838 3486 1964 3548 conclu·

411 3601 521 3654 serunt
544 3603 577 3654 et
600 3593 893 3656 determinaverunt
917 3595 976 3656 sibi
1001 3595 1129 3656 racione
1153 3595 1400 3674 obsequiorum,
1438 3615 1500 3675 que
1535 3595 1609 3657 lecit
1645 3596 1728 3656 circa
1763 3593 1964 3656 eleccio·

412 3719 507 3760 nem
531 3699 584 3760 dni
608 3699 670 3780 Epi
694 3711 727 3762 et
750 3701 918 3764 ecclesiam
943 3701 1081 3763 Poznan.
1107 3713 1139 3764 et
1174 3721 1209 3764 se
1240 3701 1345 3763 adhuc
1368 3699 1524 3764 facturum
1550 3701 1743 3764 necessitate
1768 3709 1957 3762 occurrente

411 3804 564 3879 exhibuit,
588 3817 621 3869 et
644 3827 709 3869 non
733 3809 862 3871 racione
885 3809 1015 3872 alterius
1039 3829 1136 3872 cause
1168 3809 1370 3870 donaverunt
1394 3806 1461 3871 XV
1486 3827 1610 3870 marcas
1634 3809 1766 3888 danque
1790 3816 1822 3869 et
1845 3805 1959 3868 donari

314 3977 318 3988 ,
412 3913 633 3976 decreverunt.

520 4051 607 4120 294.
631 4055 679 4136 (II.
706 4057 785 4138 37⁰).
810 4057 930 4120 Ibidem
953 4057 1035 4119 dnos
1059 4058 1216 4120 decanum
1242 4056 1558 4128 Wladislaviensem,
1594 4056 1763 4118 custodem
1794 4065 1827 4118 et
1850 4052 1963 4116 Iohan-

412 4181 486 4224 nem
519 4163 778 4226 archidiaconum
820 4163 1159 4236 Warschoviensem,·
1183 4163 1395 4226 Wladislaum
1431 4165 1667 4245 deputaverunt
1709 4163 1810 4225 ituros
1851 4181 1963 4224 versus

412 4268 670 4333 Mazoviam
704 4271 787 4333 circa
818 4271 935 4335 festum
960 4272 1096 4344 Martini,
1128 4283 1161 4334 et
1193 4273 1275 4334 dnus
1307 4271 1450 4333 Furman
1475 4274 1575 4334 eciam
1600 4283 1649 4334 est
1674 4271 1864 4343 nominatus,
1889 4288 1962 4330 cum

412 4375 478 4438 dno
501 4375 584 4458 Epo,

625 4571 668 4634 A.
699 4589 789 4652 1444,
812 4571 881 4634 Iulii
910 4589 956 4652 14,
982 4573 1013 4634 in
1037 4572 1179 4654 capitulo
1204 4573 1355 4655 generali.

520 4707 607 4777 295.
631 4713 679 4795 (II.
705 4715 768 4793 39).
805 4713 928 4776 Ibidem
964 4735 1071 4777 vener.
1108 4715 1192 4776 dnus
1215 4713 1376 4777 Iohannes
1399 4713 1440 4776 de
1464 4713 1648 4793 Nyetvesch
1683 4723 1882 4794 protestatus
1905 4721 1963 4782 est,

413 4819 500 4900 quod
526 4840 590 4882 non
615 4821 751 4884 intendit
769 4821 906 4883 decretis
923 4821 1123 4884 sinodalibus
1139 4842 1204 4903 quo
1221 4823 1262 4883 ad
1286 4821 1661 4884 neutralitatem
1685 4821 1739 4882 dni
1761 4818 1963 4901 Eugenii

413 4935 445 4988 et
466 4927 683 5006 concilii,
707 4928 765 4991 sed
789 4927 965 4992 declaravit
988 4949 1024 4992 se
1049 4949 1108 5008 pro
1132 4929 1198 4990 dno
1222 4928 1381 5012 Eugeni0.

625 5120 668 5186 A.
698 5139 789 5202 1444,
814 5121 1011 5186 Novembris
1041 5139 1086 5201 13,
1112 5123 1143 5184 in
1167 5121 1310 5205 capitulo
1334 5124 1485 5206 generali.

519 5260 607 5328 296.
632 5263 682 5346 (ΙΙ.
706 5265 772 5346 43).
806 5265 867 5328 Die
890 5266 1071 5328 Veneris..
1096 5267 1127 5328 in
1151 5267 1318 5347 capitulari
1341 5265 1382 5327 ad
1406 5284 1523 5328 sonum
1555 5283 1712 5345 campane
1744 5261 1960 5344 capitulariter

412 5373 603 5454 congregati
626 5393 734 5436 vener.
760 5385 793 5438 et
818 5373 930 5437 honor.
955 5374 1009 5436 dni
1033 5373 1191 5436 Vischota
1226 5373 1425 5454 prepositus,
1457 5372 1597 5434 Mathias
1621 5371 1776 5441 decanus,
1809 5367 1963 5430 Nicolaus

411 5457 671 5554 archidiaconus,
690 5481 832 5544 Slawnilr
855 5482 1080 5556 cancellariuS,
1104 5481 1359 5562 Praszmowsky,
1383 5479 1579 5552 Srzemensis
1595 5477 1851 5548 archidiaconus,
1877 5471 1963 5536 Iaco-

411 5587 472 5650 bus
496 5587 732 5674 Vigonowslry,
756 5589 956 5664 Lanthman,
981 5589 1112 5666 Hector,
1138 5587 1297 5664 Clemens,
1321 5584 1498 5662 Iaroslaus,
1523 5583 1661 5648 Iacobus
1685 5582 1863 5660 Grandslri,
1886 5581 1963 5644 Las-
