4416 6366
403 591 446 668 84
909 583 978 634 AC'I
980 585 1003 632 Α
1022 583 1185 634 CAPITULI
1204 582 1460 632 POZNANIENSIS

402 680 672 692 .......—-----—--
684 679 864 686 .-.--—----
888 679 940 684 -—
1008 679 1019 682 -
1040 677 1115 682 -.-.-

615 799 658 864 A.
689 813 785 878 1453,
810 797 916 862 Martii
946 811 992 878 17,
1017 797 1048 860 in
1073 795 1227 878 capitulo.

508 938 599 1008 415.
624 941 670 1024 (11.
699 941 784 1023 151⁰)
798 988 825 1004 ..
850 939 970 1002 Vener.
997 949 1107 1021 patres
1130 949 1164 1002 et
1188 939 1243 1001 dni
1267 937 1382 1020 prelati
1404 949 1437 1002 et
1460 939 1654 1002 canonici..
1678 937 1749 1000 dnis
1772 937 1894 1000 lacobo
1918 939 1958 1001 de

402 1049 590 1132 Vigonowo
614 1059 647 1112 et
671 1047 794 1112 Mathie
817 1047 982 1110 canonicis
1006 1046 1096 1110 ituris
1119 1045 1161 1108 ad
1184 1067 1210 1110 s.
1236 1057 1355 1109 terram
1378 1045 1642 1109 IeroSOIImorum
1659 1045 1847 1126 petentibus
1864 1065 1960 1109 omne

403 1157 564 1229 debitum,
601 1157 631 1218 in
657 1177 721 1238 quo
757 1154 899 1237 capitulo
934 1155 1073 1218 scienter
1108 1153 1159 1217 vel
1191 1153 1379 1236 ignoranter
1402 1153 1596 1236 obligantur,
1626 1165 1659 1216 et
1683 1173 1796 1215 omnes
1820 1153 1960 1217 offensas

403 1263 602 1327 dimiserunt.

616 1455 660 1520 A.
690 1471 789 1537 1453,
813 1455 893 1518 lunii
922 1473 975 1534 19,
1000 1455 1032 1518 in
1056 1455 1209 1538 capitulo.

511 1595 600 1665 416.
627 1599 676 1682 (Il.
706 1601 784 1682 154).
808 1598 931 1662 Ibidem
956 1599 1183 1661 concluserunt
1207 1597 1305 1660 dnum
1331 1597 1440 1660 Adam
1464 1595 1650 1658 habendum
1674 1616 1734 1677 pro
1758 1597 1902 1678 presenti
1926 1597 1956 1658 in

404 1707 547 1789 capitulo
572 1707 740 1788 proximo,
765 1707 819 1789 qui
843 1707 989 1770 transivit
1013 1706 1054 1768 ad
1085 1705 1455 1768 convencionem
1491 1705 1534 1766 in
1570 1703 1862 1786 Pyotrkowo
1886 1722 1957 1765 cum

403 1814 517 1880 litteris
541 1814 779 1877 credenciarum
803 1833 863 1896 pro
887 1824 980 1894 parte
1003 1813 1149 1894 capituli,
1172 1813 1222 1876 cui
1246 1811 1313 1874 dari
1338 1812 1436 1874 debet
1460 1831 1570 1874 marca
1593 1809 1788 1892 capitularis.

618 2023 661 2086 A.
693 2039 783 2106 1453,
808 2023 875 2088 Iulii
898 2043 928 2104 4,
953 2025 984 2086 in
1005 2024 1148 2105 capitulo
1172 2023 1324 2106 generali.

512 2163 601 2232 417.
637 2165 686 2248 (ΙΙ.
718 2167 811 2248 1540).
846 2165 928 2230 Item
952 2165 1053 2228 libros
1082 2166 1284 2238 Exameron,
1316 2165 1465 2237 bibliam,
1497 2165 1633 2227 llloralia
1656 2174 1689 2228 et
1713 2163 1894 2226 Dionisium
1918 2165 1958 2226 de

405 2273 516 2338 celesti
540 2273 693 2336 ierarchia
717 2271 1012 2336 accomodaverunt
1036 2272 1102 2334 dno
1127 2271 1263 2334 officiali.
1311 2271 1392 2334 Item
1417 2271 1632 2352 appellacioni
1657 2271 1822 2334 Benedicti
1847 2271 1959 2352 phisici

405 2383 446 2444 de
480 2381 641 2444 Poznania
675 2379 886 2458 adheserunt;
922 2381 1127 2462 presentibus
1152 2377 1323 2452 Coributh,
1347 2379 1613 2442 Choczeszewslri
1640 2390 1673 2442 et
1697 2377 1831 2441 Lazaro.
1878 2379 1958 2441 Item

404 2489 487 2552 dnos
511 2488 552 2550 de
575 2487 722 2570 Popowo
745 2499 778 2552 et
801 2487 1016 2550 Drzewiczski
1041 2489 1233 2550 remiserunt
1255 2487 1296 2548 ad
1321 2485 1451 2550 Curiam
1476 2507 1574 2567 super
1597 2505 1709 2548 eorum
1734 2486 1853 2548 iuribus
1870 2505 1958 2546 occa-

405 2595 496 2658 sione
520 2596 729 2658 canonicatus
753 2605 786 2658 et
810 2595 983 2676 prebende,
1009 2615 1068 2676 pro
1092 2593 1207 2675 quibus
1233 2593 1359 2674 litigant
1383 2593 1624 2674 disputandum.
1649 2593 1731 2656 Item
1748 2593 1830 2656 dnos
1847 2591 1961 2654 officia·

405 2701 476 2776 lem,
501 2700 725 2764 Twardowski
744 2713 778 2764 et
795 2701 987 2784 Rogalinski
1003 2701 1044 2764 ad
1060 2701 1246 2774 videndum,
1272 2701 1507 2762 numerandum
1524 2711 1556 2764 et
1572 2699 1842 2762 conscribendum
1860 2699 1959 2762 libros

405 2807 653 2890 deputaverunt.

618 3017 663 3082 A.
693 3027 785 3100 1453,
810 3017 965 3084 Octobris
990 3035 1040 3098 30,
1063 3020 1096 3081 in
1120 3019 1273 3102 capitulo.

511 3156 600 3226 418.
624 3159 670 3242 (II.
700 3161 787 3240 155⁰)
802 3209 831 3224 ..
856 3159 976 3224 Vener.
1001 3171 1111 3242 patres
1135 3172 1169 3224 et
1191 3161 1246 3224 dni
1269 3161 1430 3224 Iohannes
1458 3161 1499 3224 de
1523 3160 1740 3242 Nyewyesch,
1765 3159 1960 3222 Praszmow·

405 3267 464 3346 sld,
481 3267 615 3341 Hector,
640 3267 801 3348 Clemens
824 3267 973 3340 Mathias,
997 3267 1159 3330 Iohannes
1175 3269 1348 3350 Wyskote,
1372 3268 1525 3340 Sbilutus,
1543 3267 1759 3357 Sandivogius
1777 3277 1810 3330 et
1826 3265 1960 3330 Chibski

406 3375 477 3438 dnis
501 3375 680 3456 preposito,
704 3373 848 3436 Iohanne
868 3374 898 3436 F
901 3393 1023 3448 urman,
1047 3375 1219 3438 Luthcone
1242 3375 1283 3438 de
1305 3376 1455 3457 Brzcsye,
1482 3375 1603 3438 Iacobo
1627 3377 1752 3438 decano
1776 3371 1968 3439 Gneznensi.

406 3491 439 3546 et
462 3481 600 3544 Nicolao
623 3481 665 3544 de
688 3479 906 3544 Glambocecz
928 3481 1155 3546 archidiacono
1179 3485 1470 3556 consencientibus,
1495 3485 1569 3546 licet
1594 3493 1670 3545 tunc
1694 3503 1713 3544 a
1736 3481 1879 3562 capitulo
1904 3481 1959 3543 ab·

406 3590 561 3664 sentibus,
586 3587 694 3652 audita
720 3589 887 3671 legacione
911 3589 964 3650 dni
988 3587 1139 3654 Stanislai
1170 3591 1355 3671 Byelawski
1386 3591 1532 3652 canonici
1564 3590 1686 3654 Gnezn.
1719 3589 1882 3652 secretarii
1906 3589 1961 3650 dni

406 3697 508 3779 Regis
533 3697 562 3758 in
588 3696 652 3758 vim
677 3696 855 3761 litterarum
886 3696 1132 3759 credencialium
1164 3697 1249 3760 facta
1281 3708 1314 3762 et
1344 3698 1513 3778 prehabita
1544 3698 1780 3761 deliberacione
1804 3716 1962 3760 reassum-

406 3814 542 3886 pscrunt
565 3804 665 3866 dnum
690 3803 859 3866 Nicolaum
888 3804 928 3865 de
953 3805 1161 3886 Nyewyesch
1192 3805 1223 3868 in
1256 3805 1413 3867 decanum
1446 3805 1630 3868 inherentes
1661 3805 1848 3886 receptioni,
1881 3804 1959 3865 alias

406 3910 447 3972 de
470 3912 544 3992 ipso
567 3919 645 3993 post
668 3920 808 3972 mortem
833 3909 909 3972 olim
942 3912 995 3973 dni
1019 3911 1142 3975 Mathie
1173 3913 1250 3974 Dria
1273 3911 1373 3990 incte;
1404 3912 1457 3974 dni
1489 3933 1567 3974 vero
1598 3912 1815 3994 Vigonowski
1844 3911 1960 3982 senior,

406 4017 640 4091 Twardowski,
665 4017 859 4100 Rogalinski
883 4028 917 4081 et
933 4017 1122 4100 Pythowslri
1139 4029 1376 4093 recusaverunt,
1400 4019 1545 4082 dicentes
1561 4019 1680 4082 debere
1695 4017 1960 4100 suspendendum

406 4125 448 4188 ad
472 4123 648 4206 capitulum
672 4124 825 4206 generale
848 4127 1034 4207 proximum
1057 4136 1091 4189 et
1114 4127 1213 4189 dnum
1237 4127 1344 4209 Epum
1368 4127 1612 4189 consulendum.

620 4333 666 4397 A.
694 4347 793 4415 1453,
818 4336 1015 4400 Novembris
1043 4353 1096 4418 12,
1123 4339 1155 4399 in
1178 4337 1322 4418 capitulo
1347 4337 1499 4420 generali.

513 4474 602 4543 419.
629 4475 680 4559 (ll.
704 4479 783 4560 156).
809 4479 883 4562 [Dni
900 4478 1014 4560 prelati
1030 4489 1064 4543 et
1079 4479 1236 4562 canonici]
1261 4479 1446 4542 indixerunt
1462 4489 1495 4542 et
1511 4477 1740 4542 concluserunt
1764 4479 1959 4541 sinodum

407 4605 467 4668 pro
491 4585 662 4647 Dominica
690 4585 928 4649 »Misericordia
952 4587 1023 4648 dni«
1052 4607 1145 4667 prox.
1170 4587 1210 4649 de
1234 4607 1320 4648 anno
1345 4586 1452 4649 luturo
1476 4587 1714 4649 celebrandam.

513 4723 602 4794 420.
633 4727 715 4790 Item
739 4729 822 4791 dnos
846 4727 1051 4792 Luthconem
1076 4729 1116 4791 de
1139 4729 1280 4811 Brzcsye
1304 4739 1337 4792 et
1361 4729 1666 4792 Warschoviensem
1690 4727 1960 4800 archidiaconum,

406 4835 595 4910 custodem,
627 4835 852 4899 Twardowslri
884 4846 917 4900 et
948 4835 1182 4918 SandIvogium
1215 4837 1317 4900 ituros
1348 4857 1421 4899 curn
1449 4837 1515 4899 dno
1539 4837 1613 4918 Epo
1637 4837 1679 4898 ad
1702 4835 1884 4898 Mazoviam
1907 4834 1961 4895 de·

406 4953 571 5026 putarunt.

620 5135 663 5199 A.
692 5149 790 5218 1453,
814 5137 1011 5201 Novembris
1039 5153 1092 5216 13,
1117 5137 1148 5198 in
1171 5137 1314 5220 capitulo
1337 5139 1488 5220 generali.

512 5273 603 5346 421.
628 5275 676 5360 (ΙΙ.
707 5278 804 5360 156⁰).
841 5279 961 5344 Vener.
986 5279 1052 5342 dno
1077 5278 1215 5342 Nicolao
1239 5281 1365 5344 custodi
1389 5282 1518 5345 racione
1541 5290 1746 5361 sumptuum,
1778 5299 1862 5361 quos
1886 5279 1962 5343 lecit

406 5389 438 5451 in
461 5385 630 5450 limitando
654 5384 763 5449 villam
786 5387 917 5468 capituli
941 5385 1179 5468 Urnyeszewo,
1214 5387 1267 5451 ubi
1291 5389 1394 5451 eciam
1426 5389 1484 5452 luit
1507 5388 1589 5452 dnus
1613 5389 1718 5470 Epus,
1755 5389 1961 5450 donaverunt

404 5493 455 5560 IV
478 5514 610 5569 marcas,
634 5503 669 5558 et
691 5493 781 5578 quod
803 5493 983 5557 huiusmodi
1007 5495 1238 5558 Ilmitacionem
1262 5495 1392 5560 inducat
1408 5507 1441 5560 et
1457 5496 1552 5560 scribi
1570 5505 1721 5578 procuret
1743 5495 1784 5558 ad
1809 5493 1959 5558 librum

406 5611 671 5680 terrestrem,
696 5611 731 5666 ut
756 5603 853 5664 moris
877 5612 937 5668 est.
