4416 6366
822 575 1003 630 ANNORIJM
1024 577 1207 633 1456-1457.
1745 603 1783 665 91

1178 677 1199 682 ..-
1206 677 1303 683 --.
1311 677 1383 684 ——-
1390 677 1734 685 ——-..-—-—-——

235 665 341 672 -..-......
352 667 372 671 .-
387 667 395 672 .
407 667 439 672 .-

270 846 276 862 ,
343 784 432 852 459.
459 787 562 870 (Ibid.)
585 788 666 850 Item
683 789 802 852 ibidem
820 789 874 852 dni
891 791 1098 873 suprascripti
1115 791 1350 864 concluserunt,
1368 795 1456 871 quod
1473 795 1555 858 dnus
1571 795 1788 880 Soudinogius

233 895 355 957 Mathie
379 893 489 976 Scrzip
513 896 694 975 presbitero
719 897 849 979 graciali
873 898 929 961 det
953 919 1050 961 unum
1080 897 1240 962 fertonem
1272 901 1401 962 racione
1433 903 1565 978 servicii,
1602 905 1689 986 quod
1722 906 1787 968 dno

234 1002 367 1064 Iohanni
391 1002 581 1084 Pythowski
606 1014 755 1086 tempore
779 1026 835 1068 sue
859 1005 1053 1069 iufirmitatis
1076 1007 1243 1087 Impendit.

447 1232 489 1295 A.
518 1249 609 1314 1457,
633 1235 740 1296 Martii
765 1238 823 1307 28,
847 1236 879 1298 in
903 1235 1053 1317 capitulo

339 1373 427 1441 460.
453 1376 502 1456 (II.
533 1377 612 1458 188).
637 1376 698 1438 Die
722 1377 856 1444 Lune..
886 1399 994 1441 vener.
1019 1379 1073 1440 dni
1097 1377 1211 1442 honor.
1236 1381 1302 1443 dno
1325 1381 1447 1444 Mathie
1470 1383 1628 1444 canonico
1652 1405 1711 1464 pro
1735 1405 1784 1456 e0‚

233 1484 322 1564 quod
346 1485 537 1546 transiturus
561 1486 675 1547 estad
699 1485 954 1566 Cuyaviam
978 1497 1011 1548 et
1035 1487 1248 1552 descensurus
1272 1489 1302 1550 in
1328 1489 1461 1550 Thorun
1486 1509 1546 1570 pro
1570 1491 1647 1552 sede
1664 1493 1785 1573 ymagi-

233 1591 282 1652 nis
305 1589 483 1654 SalvatorIs
507 1592 547 1653 de
570 1603 717 1674 argento,
743 1593 846 1654 daturi
870 1605 945 1656 sunt
970 1614 1111 1656 marcam
1144 1615 1203 1675 pro
1235 1595 1318 1656 festo
1350 1597 1380 1657 b.
1414 1595 1543 1658 Martini
1567 1609 1718 1674 venturo;
1753 1609 1786 1662 et

232 1697 456 1760 nichilominus
480 1701 585 1761 cidem
610 1701 650 1761 de
674 1700 956 1762 dIstribucionibus
979 1702 1188 1782 quottidianis
1220 1713 1253 1765 et
1285 1703 1499 1784 exequialium
1524 1704 1597 1766 hiuc
1621 1706 1661 1766 ad
1687 1705 1783 1767 Dom.

232 1805 428 1880 Palmarum,
454 1809 480 1870 si
504 1809 653 1878 transiet,
677 1809 932 1888 respondebunt.

338 1944 426 2012 461.
452 1949 558 2030 (Ibid.)
593 1950 715 2013 ibidem
748 1951 830 2013 dnus
861 1949 1021 2014 Iohannes
1051 1953 1091 2014 de
1123 1951 1306 2014 Cuczkowo
1330 1954 1466 2015 vicarius
1489 1964 1667 2034 perpetuus
1689 1956 1782 2016 Inter·

232 2058 360 2137 rogavit
384 2057 483 2131 dnos,
515 2067 621 2120 utrum
654 2059 787 2122 deberet
817 2061 933 2141 exequi
958 2079 1146 2140 processum
1171 2060 1336 2122 citacionis
1361 2081 1420 2140 pro
1445 2071 1537 2139 parte
1562 2061 1782 2122 Bartholomei

232 2163 272 2223 de
297 2162 518 2244 Crzyzanowo
542 2175 655 2228 contra
679 2165 809 2230 Petrum
833 2167 873 2228 de
897 2167 1008 2247 Bnyn,
1039 2167 1070 2228 in
1104 2187 1167 2247 qua
1198 2167 1356 2228 citaeione
1381 2187 1489 2228 rasura
1515 2168 1545 2229 in
1570 2169 1703 2248 proprio
1728 2189 1782 2228 no-

232 2271 317 2330 mine
345 2273 538 2351 apparebat;
573 2275 779 2354 presentibus
808 2273 988 2336 Laurencio
1011 2275 1218 2336 vicecustode
1242 2283 1275 2336 et
1301 2273 1437 2335 Nicolao
1461 2275 1602 2354 plebano
1627 2275 1657 2336 in
1681 2275 1782 2336 Wali-

231 2377 370 2452 schewo,
394 2391 547 2442 movente
572 2382 784 2462 questionem,
816 2381 1003 2442 sedentibus
1034 2391 1110 2461 post
1141 2381 1261 2442 curiam
1293 2382 1511 2464 episcopalem
1536 2381 1576 2444 de
1601 2382 1782 2444 missalibus

230 2494 265 2547 et
288 2485 419 2547 denario
443 2507 468 2548 s.
493 2487 587 2550 Petri,

444 2713 486 2777 A.
518 2731 609 2796 1437,
634 2717 759 2797 Aprilis
784 2736 834 2796 29,
859 2720 889 2780 in
914 2719 1066 2799 capitulo.

336 2853 425 2921 462.
451 2857 500 2938 (II.
532 2860 603 2938 189)
619 2909 646 2921 ..
671 2860 734 2920 Dni
750 2911 755 2922 .
772 2906 779 2919 .
804 2861 1052 2942 assignaverunt
1075 2870 1141 2923 tres
1161 2861 1302 2922 fertones
1319 2880 1392 2922 curn
1409 2859 1638 2922 resectionibus
1655 2862 1782 2924 interim

230 2965 473 3027 occurrentibus
497 2986 556 3045 pro
581 2967 734 3046 expensis
759 2975 791 3028 et
815 2966 922 3048 fatigis
946 2966 1011 3028 dno
1036 2965 1157 3029 Mathie
1181 2969 1337 3028 canonico
1361 2967 1402 3027 ad
1427 2967 1509 3028 dnos
1532 2967 1730 3048 Archiepum
1749 2979 1781 3031 et

229 3070 404 3151 capitulum
429 3071 549 3135 Gnezn.
575 3073 781 3154 superfacto
805 3071 970 3136 theolonei
996 3074 1164 3154 deputato,

444 3283 486 3346 A.
517 3299 608 3364 1457,
632 3284 756 3366 Aprilis
782 3302 832 3364 30,
856 3288 888 3346 111
912 3285 1064 3366 capitulo¹

334 3421 424 3490 463.
461 3425 507 3506 (II.
538 3427 615 3504 189).
650 3425 731 3488 Item
763 3427 814 3489 die
845 3425 1016 3490 Saturni..
1050 3428 1104 3489 dni
1135 3429 1382 3509 assignaverunt
1415 3443 1555 3490 marcam
1587 3447 1659 3489 cum
1688 3429 1723 3510 ¹s2
1748 3431 1778 3489 in

228 3533 344 3594 codem
370 3532 456 3594 lacto
480 3531 546 3593 dno
571 3533 705 3594 Iohanni
732 3533 956 3596 Twardowski
988 3537 1070 3597 ituro
1102 3535 1143 3596 ad
1174 3536 1257 3597 dnos
1288 3536 1396 3616 Epum
1428 3546 1461 3597 et
1493 3535 1624 3616 magnif.
1658 3536 1780 3597 Lucam

227 3641 442 3720 capitaneum.

335 3779 424 3847 464.
452 3782 557 3863 (Ibid.)
581 3785 663 3845 Item
688 3784 805 3847 ibidem
831 3784 929 3846 dnum
954 3784 1064 3846 Adam
1080 3787 1238 3847 decanum
1255 3786 1295 3846 de
1310 3785 1358 3847 IV
1375 3785 1490 3847 marcis
1506 3794 1539 3846 et
1556 3783 1631 3845 VIII
1648 3786 1779 3866 grossis
1819 3829 1821 3834 ι

228 3909 363 3970 quarum
387 3911 483 3951 unam
508 3890 658 3952 videlicet
682 3912 742 3972 pro
766 3893 936 3954 ablucione
959 3895 1097 3954 vestium
1128 3893 1271 3967 ecclesie,
1303 3904 1335 3956 et
1360 3903 1425 3954 tres
1449 3912 1521 3953 curn
1546 3891 1622 3954 VIII
1647 3913 1693 3972 gr.
1719 3912 1779 3972 pro

228 3997 361 4076 prefatis
386 3997 457 4060 dms
489 3998 572 4079 Epo,
604 3999 748 4079 palatino
781 4011 814 4061 et
844 3999 1067 4061 Twardowshi
1100 4019 1160 4079 pro
1191 4001 1412 4079 comparando
1443 4001 1526 4068 vinu,
1560 4019 1617 4079 per
1640 3999 1778 4059 eundem

226 4104 326 4164 dnum
350 4103 574 4168 Twardowslzi
599 4106 782 4178 deferendo
806 4107 846 4168 de
871 4107 1014 4187 pecunIIs
1038 4107 1114 4167 olim
1139 4106 1192 4166 dni
1218 4107 1450 4168 Prasamowski
1482 4107 1648 4186 expositas
1681 4105 1778 4167 etde

227 4211 381 4273 mandato
405 4213 547 4274 eiusdem
572 4214 702 4294 capituli
726 4251 768 4258 —
793 4213 998 4294 quitaverunt
1022 4224 1054 4276 et
1079 4213 1297 4276 absolverunt.

440 4423 483 4486 A.
514 4438 604 4503 1457,
628 4425 703 4486 Maii
728 4443 766 4502 4,
790 4427 821 4486 in
846 4425 996 4506 capitulo

333 4561 422 4630 465.
460 4565 511 4648 (II.
542 4565 624 4648 189).
659 4565 719 4628 Die
742 4568 929 4630 Mercurii..
966 4588 1073 4629 vener.
1106 4577 1214 4649 patres
1246 4577 1278 4628 et
1306 4566 1398 4626 dni..
1435 4567 1549 4646 prelati
1574 4577 1607 4629 et
1630 4569 1776 4629 canonici

224 4673 313 4734 citati
338 4682 544 4753 tamquam
569 4675 770 4754 generale
794 4675 1029 4754 capitulum
1054 4675 1254 4736 celebrantes
1277 4675 1513 4753 deputaverunt
1530 4674 1627 4734 dnum
1645 4673 1778 4754 Stepha-

226 4798 301 4840 num
318 4779 465 4859 Chibslry
482 4780 710 4842 descensurum
738 4783 768 4842 111
792 4781 1007 4845 Gothartowo
1032 4782 1072 4842 ad
1096 4781 1268 4842 videndum
1292 4781 1421 4842 iniurias
1444 4781 1672 4854 kmethonurn,
1697 4803 1777 4861 quas

224 4886 335 4947 dicunt
359 4907 394 4946 se
419 4888 486 4966 pati
510 4908 528 4947 a
552 4887 618 4948 dno
643 4899 777 4968 regente
801 4890 924 4951 iniuste.
957 4889 1079 4951 Ibidem
1104 4889 1273 4950 kinethoni
1296 4898 1413 4950 exusto
1436 4891 1468 4950 in
1493 4887 1713 4950 Luschovicze
1736 4889 1777 4950 ad

224 5012 323 5053 unum
347 5013 466 5054 annum
492 5006 723 5057 concesserunt
747 4995 939 5057 libertatern.

331 5131 418 5198 466.
445 5135 493 5214 (II.
526 5137 621 5216 189⁰).
651 5137 730 5198 Item
756 5137 928 5218 magnifico
952 5138 1017 5198 dno
1042 5137 1184 5199 Stiborio
1208 5137 1379 5215 capitaneo
1402 5135 1534 5197 Maioris
1557 5135 1692 5199 Polonie
1715 5157 1774 5199 sex

224 5262 349 5303 marcas
374 5264 433 5322 pro
458 5243 581 5305 honore
604 5264 664 5305 suo
688 5244 728 5305 de
753 5245 860 5325 gracia
884 5243 1096 5305 donaverunt.

332 5379 420 5448 467.
446 5384 547 5466 (Ibid.)
571 5381 651 5446 Item
677 5385 760 5446 dnos
785 5385 925 5446 Urielem
945 5388 1153 5465 prepositum,
1170 5383 1279 5444 Adam
1297 5384 1468 5453 decanum.
1493 5383 1664 5446 Nicolaum
1680 5383 1776 5446 archi-

223 5491 410 5562 diaconum,
443 5491 571 5553 Petrum
597 5503 777 5564 cantorem,
808 5493 977 5553 Nicolaum
1002 5491 1186 5564 custodem,
1219 5491 1395 5554 Iohannem
1428 5491 1585 5562 Furman‚
1619 5491 1774 5554 Mathiam

222 5597 252 5657 T
256 5597 463 5671 wardowslri,
498 5597 648 5670 Chresti,
684 5599 928 5679 Sandiuogium,
959 5618 1083 5679 mgrum
1108 5599 1276 5660 Nicolaum
1302 5609 1335 5660 et
1359 5595 1553 5660 StanIsIaum
1577 5597 1617 5660 de
1641 5597 1775 5678 Dobye·
