4416 6366
807 591 808 596 .
832 509 1014 562 urrunnun
1034 507 1219 562 rma-1504.
1747 524 1807 590 179

250 744 275 788 s,
301 722 444 804 Agnetis
480 743 574 804 prox.
610 721 853 796 celebrandam,
890 721 1006 804 quibus
1040 721 1116 790 dare
1151 741 1211 803 pro
1247 722 1401 804 expensis
1436 741 1494 802 per
1524 720 1572 784 VI
1599 739 1724 783 marcas
1755 719 1806 782 de·

251 840 421 894 creverunt
452 840 485 894 et
509 831 707 911 presentiam
730 850 821 892 more
845 827 942 892 solito
968 839 1208 892 concesserunt.

465 1023 507 1086 A.
536 1038 635 1104 1503,
659 1023 794 1086 Ianuarii
820 1041 855 1098 2,
879 1023 910 1084 in
935 1022 1087 1104 capitulo

358 1162 444 1232 947.
480 1165 546 1248 (VI.
572 1167 635 1248 73).
673 1167 796 1228 Ibidem
828 1165 881 1228 dni
913 1165 1152 1228 constituerunt
1183 1164 1267 1227 dnos
1297 1163 1465 1228 officialem
1497 1175 1530 1228 et
1562 1163 1808 1246 Sigismundum

250 1283 435 1354 presentes,
470 1283 744 1354 acceptantesque
777 1273 808 1334 in
845 1284 1072 1354 procuratores
1108 1282 1140 1334 et
1165 1271 1306 1334 sindicos
1342 1291 1453 1334 eorum
1486 1271 1527 1334 ad
1551 1272 1806 1352 comparendum

251 1381 382 1442 nomine
414 1399 526 1444 eorum
558 1389 591 1442 et
618 1400 677 1460 pro
710 1380 757 1442 eis
788 1381 819 1442 in
852 1380 1025 1442 sinodo
1056 1379 1372 1442 Lanciciensi
1403 1399 1464 1459 pro
1492 1378 1576 1442 festo
1608 1400 1632 1441 s.
1665 1377 1807 1461 Agnetis

250 1487 406 1549 celebrari
437 1488 598 1561 instituta,
631 1489 860 1569 promittentes
893 1488 933 1549 de
965 1497 1037 1550 rato
1069 1497 1102 1550 et
1134 1495 1285 1566 petentes
1310 1487 1450 1567 desuper
1473 1485 1603 1567 publica
1626 1488 1807 1550 necessaria

252 1595 482 1672 instrumenta;
506 1593 711 1676 presentibus
735 1603 795 1656 etc.

465 1813 507 1875 A.
537 1829 635 1894 1503,
660 1813 815 1878 Octobris
844 1829 890 1894 17,
915 1814 947 1876 in
972 1813 1126 1896 capitulo.

359 1951 445 2020 948.
469 1955 534 2038 (VI.
561 1955 621 2037 86).
647 1956 728 2020 Item
753 1954 828 2039 [dni]
855 1956 1092 2038 deputaverunt
1116 1955 1215 2018 dnum
1240 1951 1404 2017 Goczalek
1420 1955 1460 2016 ad
1479 1955 1577 2018 dnum
1601 1955 1807 2037 capitaneum

249 2063 281 2126 in
306 2059 391 2124 facto
416 2062 651 2143 pignorationis
667 2062 858 2126 kmetonum
874 2065 906 2125 in
923 2062 1005 2126 villis
1021 2062 1152 2143 capituli
1177 2071 1311 2142 propter
1334 2062 1510 2124 datiam
1534 2063 1714 2144 regiam
1739 2083 1804 2124 non

250 2168 290 2230 de
314 2167 397 2230 facili
421 2180 453 2232 et
477 2180 544 2232 tam
568 2180 721 2252 prompte
745 2179 854 2250 preter
876 2168 955 2232 alias
979 2169 1117 2232 dnorum
1142 2179 1176 2233 et
1200 2167 1354 2232 nobilium
1377 2168 1469 2231 villas
1493 2167 1646 2232 faciende.

467 2388 510 2450 A.
542 2402 640 2469 1503,
666 2389 862 2452 Novembris
891 2406 945 2468 14,
969 2391 1001 2451 in
1024 2371 1168 2468 capitulo
1193 2389 1347 2470 generali.

357 2527 445 2596 949.
471 2531 539 2604 (VI.
565 2531 640 2612 87⁰).
673 2531 755 2594 Item
779 2529 854 2613 [dni]
879 2542 1138 2612 prorogaverunt
1174 2531 1346 2610 negocium
1382 2531 1575 2610 operimenti
1608 2531 1686 2593 tecti
1710 2531 1805 2596 turris

250 2639 370 2700 veteris
394 2647 427 2701 et
451 2639 730 2700 consumationem
753 2639 847 2702 turris
872 2658 956 2702 nove
980 2640 1064 2700 circa
1089 2637 1259 2699 ecclesiam
1282 2636 1323 2699 ad
1347 2637 1485 2700 reditum
1510 2637 1636 2700 felicem
1661 2637 1737 2700 Rmi
1753 2637 1808 2700 dni

249 2744 411 2824 pontificis
435 2745 573 2808 Poznan.
597 2745 638 2807 de
663 2743 1602 2826 conventionemodernaLeopoliensi.

463 2965 507 3027 A.
538 2978 635 3044 1503,
661 2964 856 3028 Novembris
885 2966 939 3040 16,
961 2967 995 3026 in
1020 2965 1162 3046 capitulo
1187 2964 1337 3047 generali.

359 3105 445 3172 950.
471 3108 530 3188 (VI
566 3109 643 3190 89⁰).
668 3107 747 3169 Item
765 3106 842 3190 [dni]
859 3107 1079 3180 decreverunt,
1104 3117 1139 3169 ut
1157 3127 1285 3169 exnunc
1301 3107 1459 3168 coctrices
1477 3126 1534 3168 seu
1555 3106 1703 3170 mulieres
1727 3116 1807 3188 aput

250 3215 448 3296 presbiteros
472 3213 523 3277 hic
546 3217 630 3276 circa
654 3213 824 3276 ecclesiam
849 3216 1017 3277 cervisiam
1041 3215 1158 3276 iniuste
1183 3215 1298 3276 minori
1314 3233 1465 3276 mensura
1481 3233 1579 3294 quam
1596 3213 1807 3277 Poznaniensi

249 3325 462 3403 propinantes
494 3323 667 3402 puniantur
697 3323 846 3384 convicte
877 3341 936 3403 per
968 3331 1213 3402 procuratorem
1246 3321 1376 3401 capituli
1409 3341 1493 3400 pena
1525 3323 1708 3402 pecuniaria
1738 3341 1800 3384 sex

259 3448 447 3510 grossorum
471 3429 521 3490 vel
547 3429 739 3510 inciptione,
768 3429 924 3509 quociens
954 3429 985 3490 in
1012 3448 1051 3490 eo
1068 3437 1236 3508 comperte
1261 3439 1294 3490 et
1310 3425 1449 3508 probate
1465 3427 1581 3490 fuerint
1596 3427 1688 3500 vici0,
1705 3447 1803 3509 super

251 3556 317 3616 quo
341 3537 404 3598 iarn
428 3536 495 3616 ipsi·
512 3536 683 3616 presbiteri
707 3536 882 3598 avisentur.

465 3754 507 3817 A.
538 3769 636 3836 1503,
661 3753 856 3818 Novembris
882 3773 936 3835 23,
960 3757 991 3817 in
1018 3713 1173 3837 capitulo.

357 3895 445 3963 951.
482 3896 550 3979 (VI.
574 3898 653 3978 91⁰).
688 3898 786 3960 Ratio
817 3896 872 3960 dni
902 3897 1032 3960 Martini
1063 3895 1252 3960 thezauran'i
1284 3896 1325 3958 de
1349 3897 1494 3978 pecuniis
1518 3895 1625 3958 iubilei
1648 3916 1708 3976 per
1730 3916 1805 3958 eum

250 4007 412 4086 expositIs
436 4005 531 4068 facta.
556 4041 598 4050 -
622 4005 705 4066 Item
737 4027 798 4085 pro
830 4005 982 4067 oneribus
1013 4025 1179 4067 cursorum
1212 4003 1441 4066 iubileum
1472 4001 1732 4084 publicando·et
1764 4002 1806 4066 ad

249 4114 349 4175 dnum
384 4111 491 4174 Turzo
526 4111 737 4174 collectorem
772 4113 988 4193 apostolicum
1025 4109 1184 4174 mittendo
1220 4111 1369 4192 exposite
1401 4120 1475 4172 sunt
1506 4130 1565 4171 sex
1595 4129 1668 4171 cum
1702 4109 1807 4172 media

248 4239 356 4281 marce
380 4229 412 4282 et
437 4239 553 4282 noveni
578 4220 699 4300 grossi;
724 4220 800 4282 item
825 4219 966 4280 Romam
991 4239 1050 4300 pro
1074 4218 1310 4281 revalidacione
1335 4217 1441 4279 iubilei
1466 4215 1525 4278 LII
1549 4217 1660 4280 floreni
1677 4217 1708 4278 in
1726 4230 1805 4280 auto

251 4326 375 4408 Ungar.
400 4325 483 4388 Item
507 4325 624 4388 eodem
648 4325 699 4388 die
723 4328 856 4388 rationis
880 4326 972 4388 huius
996 4325 1080 4388 lacte
1097 4347 1122 4388 s.
1142 4323 1320 4388 Clementis
1343 4334 1475 4404 recepte
1491 4335 1567 4387 sunt
1583 4323 1680 4386 XXX
1697 4345 1804 4388 marce

250 4455 315 4514 que
339 4432 458 4495 ibidem
483 4433 558 4495 date
581 4444 657 4495 sunt
681 4433 746 4495 dno
771 4431 914 4514 Olessky
938 4433 1123 4496 fabricatori
1147 4434 1241 4495 unico
1265 4431 1306 4494 ad
1330 4429 1507 4494 edificanda
1531 4431 1571 4492 de
1596 4452 1684 4494 novo
1704 4433 1806 4496 lateri·

250 4539 323 4602 ficia
345 4539 514 4622 deputato,

465 4751 507 4814 A.
537 4765 634 4832 1504,
660 4751 795 4814 Ianuarii
822 4767 856 4830 3,
881 4752 912 4812 in
937 4750 1090 4831 capitulo.
1128 4721 1131 4730 ,

359 4889 444 4958 952.
481 4893 551 4975 (VI.
575 4894 654 4974 93⁰).
694 4893 757 4955 Die
781 4893 968 4955 Mercurii..
993 4893 1025 4954 in
1049 4892 1149 4954 domo
1172 4913 1281 4956 vener.
1305 4892 1360 4955 dni
1382 4891 1579 4974 Sigismundi
1603 4895 1749 4956 canonici
1771 4905 1805 4958 et

249 5000 469 5082 procuratoris
493 5000 623 5080 capituli
647 5001 731 5062 idem
755 4999 839 5061 dnus
863 5009 1054 5080 procurator
1078 5020 1120 5062 ex
1143 4999 1250 5062 officio
1274 5020 1342 5072 suo,
1376 5021 1440 5061 non
1474 5000 1627 5064 obstante
1657 5002 1805 5066 absentia

249 5107 305 5170 dni
329 5106 438 5169 Iacobi
461 5105 654 5169 Coszminek
678 5106 897 5186 procuratoris
929 5105 983 5168 dni
1008 5105 1125 5168 Lasslri
1155 5127 1174 5168 a
1204 5109 1334 5169 civitate
1366 5117 1398 5169 et
1422 5107 1495 5169 loco
1527 5107 1673 5180 Poznan.,
1706 5109 1807 5172 nobili

249 5213 316 5276 dno
333 5213 454 5276 Iacobo
469 5213 688 5295 Rosnowslry‚
705 5212 801 5275 hodie
813 5212 853 5274 ad
867 5215 1032 5276 servitium
1049 5233 1139 5276 more
1156 5213 1319 5294 stipendio
1335 5213 1374 5296 (s)
1393 5213 1454 5276 Mti
1470 5213 1575 5296 Regie
1588 5214 1808 5279 exhibendum

249 5320 475 5403 proficiscenti,
500 5322 672 5384 terminum
695 5321 737 5383 ad
761 5320 944 5382 docendum
969 5318 1011 5382 de
1035 5321 1154 5382 mansis
1178 5319 1315 5383 desertis
1339 5321 1435 5384 sortis
1459 5341 1516 5384 sue
1548 5323 1579 5382 in
1603 5320 1748 5384 Lucowo
1772 5333 1806 5386 et

249 5449 285 5492 se
309 5428 381 5491 dnis
405 5427 638 5508 Palroslawsky
663 5428 820 5490 canonico
844 5438 877 5490 et
901 5426 1095 5490 Coszminek
1116 5429 1317 5508 procuratori
1333 5427 1509 5490 maldratas
1523 5427 1643 5490 ibidem
1661 5428 1804 5493 habenti-

250 5536 312 5600 bus
335 5533 525 5600 iustificandi
548 5535 588 5600 ad
612 5536 748 5600 reditum
773 5536 873 5618 ipsius
889 5535 930 5598 de
946 5534 1062 5598 eodem
1079 5536 1210 5599 servitio
1234 5535 1427 5598 Poznaniam
1451 5537 1589 5619 primurn
1613 5535 1742 5620 prefixit
1770 5550 1804 5603 et
