<?xml version="1.0" encoding="UTF-8"?>
<!DOCTYPE html PUBLIC "-//W3C//DTD XHTML 1.0 Transitional//EN"
    "http://www.w3.org/TR/xhtml1/DTD/xhtml1-transitional.dtd">
<html xmlns="http://www.w3.org/1999/xhtml" xml:lang="en" lang="en">
 <head>
  <title>
</title>
<meta http-equiv="Content-Type" content="text/html;charset=utf-8" />
  <meta name='ocr-system' content='tesseract 3.04.00' />
  <meta name='ocr-capabilities' content='ocr_page ocr_carea ocr_par ocr_line ocrx_word'/>
</head>
<body>
  <div class='ocr_page' id='page_1' title='image "actacapitulorum00czubgoog_0021.png"; bbox 0 0 4458 6356; ppageno 0'>
   <div class='ocr_carea' id='block_1_1' title="bbox 828 598 1798 682">
    <p class='ocr_par' dir='ltr' id='par_1_1' title="bbox 828 598 1798 682">
     <span class='ocr_line' id='line_1_1' title="bbox 828 598 1798 682; baseline 0.003 -30"><span class='ocrx_word' id='word_1_1' title='bbox 828 603 1009 654; x_wconf 88' lang='lat' dir='ltr'>ANNORUM</span> <span class='ocrx_word' id='word_1_2' title='bbox 1030 600 1214 656; x_wconf 74' lang='lat'><strong>1429-1430.</strong></span> <span class='ocrx_word' id='word_1_3' title='bbox 1739 598 1742 605; x_wconf 72' lang='grc'><strong>’</strong></span> <span class='ocrx_word' id='word_1_4' title='bbox 1781 619 1798 682; x_wconf 84' lang='lat'>3</span> 
     </span>
    </p>
   </div>
   <div class='ocr_carea' id='block_1_2' title="bbox 244 813 1803 2379">
    <p class='ocr_par' dir='ltr' id='par_1_2' title="bbox 246 813 1801 1094">
     <span class='ocr_line' id='line_1_2' title="bbox 361 813 1801 898; baseline -0.002 -18"><span class='ocrx_word' id='word_1_5' title='bbox 361 813 418 880; x_wconf 89' lang='lat'>10.</span> <span class='ocrx_word' id='word_1_6' title='bbox 432 816 465 898; x_wconf 84' lang='lat' dir='ltr'>(l.</span> <span class='ocrx_word' id='word_1_7' title='bbox 484 815 537 894; x_wconf 87' lang='lat'>18)</span> <span class='ocrx_word' id='word_1_8' title='bbox 558 817 746 897; x_wconf 88' lang='lat' dir='ltr'>Byencowo</span> <span class='ocrx_word' id='word_1_9' title='bbox 760 854 802 862; x_wconf 92' lang='lat'>--</span> <span class='ocrx_word' id='word_1_10' title='bbox 814 817 896 880; x_wconf 87' lang='lat' dir='ltr'>Item</span> <span class='ocrx_word' id='word_1_11' title='bbox 908 817 1144 890; x_wconf 86' lang='lat' dir='ltr'>concluserunt,</span> <span class='ocrx_word' id='word_1_12' title='bbox 1162 817 1250 898; x_wconf 94' lang='lat' dir='ltr'>quod</span> <span class='ocrx_word' id='word_1_13' title='bbox 1266 815 1461 879; x_wconf 87' lang='lat' dir='ltr'>kmethones</span> <span class='ocrx_word' id='word_1_14' title='bbox 1473 816 1513 878; x_wconf 92' lang='lat' dir='ltr'>de</span> <span class='ocrx_word' id='word_1_15' title='bbox 1524 815 1600 877; x_wconf 89' lang='lat' dir='ltr'>villa</span> <span class='ocrx_word' id='word_1_16' title='bbox 1612 815 1801 896; x_wconf 90' lang='lat' dir='ltr'>Byencowo</span> 
     </span>
     <span class='ocr_line' id='line_1_3' title="bbox 246 921 1795 1012; baseline 0.001 -28"><span class='ocrx_word' id='word_1_17' title='bbox 246 921 355 1012; x_wconf 60' lang='lat' dir='ltr'>gallos¹</span> <span class='ocrx_word' id='word_1_18' title='bbox 374 923 416 986; x_wconf 92' lang='lat' dir='ltr'>ad</span> <span class='ocrx_word' id='word_1_19' title='bbox 440 923 608 1005; x_wconf 86' lang='lat' dir='ltr'>quodlibet</span> <span class='ocrx_word' id='word_1_20' title='bbox 636 924 753 988; x_wconf 80' lang='lat' dir='ltr'>festum</span> <span class='ocrx_word' id='word_1_21' title='bbox 786 925 973 989; x_wconf 85' lang='lat' dir='ltr'>Natiuitatis</span> <span class='ocrx_word' id='word_1_22' title='bbox 1004 925 1106 987; x_wconf 90' lang='lat' dir='ltr'>Marie</span> <span class='ocrx_word' id='word_1_23' title='bbox 1135 925 1228 987; x_wconf 84' lang='lat' dir='ltr'>annis</span> <span class='ocrx_word' id='word_1_24' title='bbox 1261 923 1395 1006; x_wconf 91' lang='lat' dir='ltr'>singulis</span> <span class='ocrx_word' id='word_1_25' title='bbox 1419 943 1484 986; x_wconf 89' lang='lat' dir='ltr'>non</span> <span class='ocrx_word' id='word_1_26' title='bbox 1508 933 1615 986; x_wconf 83' lang='lat' dir='ltr'>autem</span> <span class='ocrx_word' id='word_1_27' title='bbox 1640 925 1795 1004; x_wconf 86' lang='lat' dir='ltr'>pecunias</span> 
     </span>
     <span class='ocr_line' id='line_1_4' title="bbox 248 1030 527 1094; baseline 0.007 -4"><span class='ocrx_word' id='word_1_28' title='bbox 248 1030 324 1092; x_wconf 89' lang='lat' dir='ltr'>dare</span> <span class='ocrx_word' id='word_1_29' title='bbox 347 1040 527 1094; x_wconf 90' lang='lat' dir='ltr'>teneantur.</span> 
     </span>
    </p>

    <p class='ocr_par' dir='ltr' id='par_1_3' title="bbox 244 1134 1802 2078">
     <span class='ocr_line' id='line_1_5' title="bbox 357 1134 1802 1220; baseline -0.001 -18"><span class='ocrx_word' id='word_1_30' title='bbox 357 1134 415 1202; x_wconf 91' lang='grc'>11.</span> <span class='ocrx_word' id='word_1_31' title='bbox 431 1138 581 1220; x_wconf 89' lang='lat' dir='ltr'>(Ibidem)</span> <span class='ocrx_word' id='word_1_32' title='bbox 604 1137 768 1220; x_wconf 85' lang='lat' dir='ltr'>Magnifici</span> <span class='ocrx_word' id='word_1_33' title='bbox 792 1137 846 1200; x_wconf 93' lang='lat' dir='ltr'>dni</span> <span class='ocrx_word' id='word_1_34' title='bbox 863 1138 906 1201; x_wconf 99' lang='lat' dir='ltr'>A.</span> <span class='ocrx_word' id='word_1_35' title='bbox 924 1136 1098 1202; x_wconf 88' lang='lat' dir='ltr'>Czolkonis</span> <span class='ocrx_word' id='word_1_36' title='bbox 1116 1175 1159 1184; x_wconf 86' lang='lat'>-</span> <span class='ocrx_word' id='word_1_37' title='bbox 1176 1139 1257 1201; x_wconf 84' lang='lat' dir='ltr'>Item</span> <span class='ocrx_word' id='word_1_38' title='bbox 1274 1139 1444 1220; x_wconf 79' lang='lat' dir='ltr'>prescripti</span> <span class='ocrx_word' id='word_1_39' title='bbox 1460 1138 1514 1199; x_wconf 94' lang='lat' dir='ltr'>dni</span> <span class='ocrx_word' id='word_1_40' title='bbox 1530 1137 1644 1219; x_wconf 92' lang='lat' dir='ltr'>prelati</span> <span class='ocrx_word' id='word_1_41' title='bbox 1661 1147 1694 1200; x_wconf 91' lang='lat' dir='ltr'>et</span> <span class='ocrx_word' id='word_1_42' title='bbox 1710 1157 1802 1201; x_wconf 92' lang='lat' dir='ltr'>cano·</span> 
     </span>
     <span class='ocr_line' id='line_1_6' title="bbox 248 1243 1801 1326; baseline 0.001 -21"><span class='ocrx_word' id='word_1_43' title='bbox 248 1243 307 1306; x_wconf 90' lang='lat' dir='ltr'>nici</span> <span class='ocrx_word' id='word_1_44' title='bbox 330 1265 390 1325; x_wconf 90' lang='lat' dir='ltr'>per</span> <span class='ocrx_word' id='word_1_45' title='bbox 412 1245 521 1308; x_wconf 90' lang='lat' dir='ltr'>Rdum</span> <span class='ocrx_word' id='word_1_46' title='bbox 545 1246 577 1307; x_wconf 94' lang='lat' dir='ltr'>in</span> <span class='ocrx_word' id='word_1_47' title='bbox 602 1245 730 1308; x_wconf 88' lang='lat' dir='ltr'>Christo</span> <span class='ocrx_word' id='word_1_48' title='bbox 755 1257 881 1326; x_wconf 90' lang='lat' dir='ltr'>patrem</span> <span class='ocrx_word' id='word_1_49' title='bbox 905 1247 1004 1308; x_wconf 92' lang='lat' dir='ltr'>dnum</span> <span class='ocrx_word' id='word_1_50' title='bbox 1034 1244 1231 1308; x_wconf 89' lang='lat' dir='ltr'>Stanislaum</span> <span class='ocrx_word' id='word_1_51' title='bbox 1262 1245 1369 1325; x_wconf 91' lang='lat' dir='ltr'>Epum</span> <span class='ocrx_word' id='word_1_52' title='bbox 1394 1244 1489 1307; x_wconf 88' lang='lat' dir='ltr'>Pozn.</span> <span class='ocrx_word' id='word_1_53' title='bbox 1515 1247 1607 1326; x_wconf 90' lang='lat' dir='ltr'>petiti</span> <span class='ocrx_word' id='word_1_54' title='bbox 1630 1265 1801 1308; x_wconf 89' lang='lat' dir='ltr'>consense-</span> 
     </span>
     <span class='ocr_line' id='line_1_7' title="bbox 246 1351 1801 1435; baseline 0.002 -23"><span class='ocrx_word' id='word_1_55' title='bbox 246 1361 319 1413; x_wconf 90' lang='lat' dir='ltr'>runt</span> <span class='ocrx_word' id='word_1_56' title='bbox 342 1353 535 1416; x_wconf 91' lang='lat' dir='ltr'>unanimiter</span> <span class='ocrx_word' id='word_1_57' title='bbox 557 1362 591 1415; x_wconf 92' lang='lat' dir='ltr'>et</span> <span class='ocrx_word' id='word_1_58' title='bbox 615 1363 863 1428; x_wconf 86' lang='lat' dir='ltr'>concesserunt,</span> <span class='ocrx_word' id='word_1_59' title='bbox 887 1354 975 1434; x_wconf 91' lang='lat' dir='ltr'>quod</span> <span class='ocrx_word' id='word_1_60' title='bbox 1000 1352 1188 1435; x_wconf 85' lang='lat' dir='ltr'>magnificus</span> <span class='ocrx_word' id='word_1_61' title='bbox 1209 1353 1291 1414; x_wconf 89' lang='lat' dir='ltr'>dnus</span> <span class='ocrx_word' id='word_1_62' title='bbox 1308 1351 1431 1416; x_wconf 92' lang='lat' dir='ltr'>Czolko</span> <span class='ocrx_word' id='word_1_63' title='bbox 1448 1352 1705 1415; x_wconf 85' lang='lat' dir='ltr'>subcamerarius</span> <span class='ocrx_word' id='word_1_64' title='bbox 1721 1351 1801 1416; x_wconf 90' lang='lat' dir='ltr'>San-</span> 
     </span>
     <span class='ocr_line' id='line_1_8' title="bbox 246 1458 1798 1542; baseline 0.003 -22"><span class='ocrx_word' id='word_1_65' title='bbox 246 1458 448 1522; x_wconf 91' lang='lat' dir='ltr'>domiriensis</span> <span class='ocrx_word' id='word_1_66' title='bbox 479 1461 598 1540; x_wconf 91' lang='lat' dir='ltr'>poterit</span> <span class='ocrx_word' id='word_1_67' title='bbox 630 1460 737 1522; x_wconf 89' lang='lat' dir='ltr'>locare</span> <span class='ocrx_word' id='word_1_68' title='bbox 768 1461 882 1542; x_wconf 89' lang='lat' dir='ltr'>opida,</span> <span class='ocrx_word' id='word_1_69' title='bbox 917 1460 1010 1523; x_wconf 89' lang='lat' dir='ltr'>villas</span> <span class='ocrx_word' id='word_1_70' title='bbox 1041 1471 1074 1523; x_wconf 90' lang='lat' dir='ltr'>et</span> <span class='ocrx_word' id='word_1_71' title='bbox 1107 1461 1217 1541; x_wconf 93' lang='lat' dir='ltr'>predia</span> <span class='ocrx_word' id='word_1_72' title='bbox 1245 1461 1277 1522; x_wconf 93' lang='lat' dir='ltr'>in</span> <span class='ocrx_word' id='word_1_73' title='bbox 1300 1459 1436 1522; x_wconf 81' lang='lat' dir='ltr'>desertis</span> <span class='ocrx_word' id='word_1_74' title='bbox 1460 1459 1539 1521; x_wconf 91' lang='lat' dir='ltr'>locis</span> <span class='ocrx_word' id='word_1_75' title='bbox 1563 1459 1646 1523; x_wconf 92' lang='lat' dir='ltr'>ultra</span> <span class='ocrx_word' id='word_1_76' title='bbox 1669 1460 1798 1524; x_wconf 87' lang='lat' dir='ltr'>fluvium</span> 
     </span>
     <span class='ocr_line' id='line_1_9' title="bbox 246 1564 1800 1650; baseline 0.003 -24"><span class='ocrx_word' id='word_1_77' title='bbox 246 1564 348 1628; x_wconf 90' lang='lat' dir='ltr'>Wisla</span> <span class='ocrx_word' id='word_1_78' title='bbox 371 1566 456 1628; x_wconf 92' lang='lat' dir='ltr'>circa</span> <span class='ocrx_word' id='word_1_79' title='bbox 479 1565 703 1642; x_wconf 88' lang='lat' dir='ltr'>Laskarzewo,</span> <span class='ocrx_word' id='word_1_80' title='bbox 733 1578 765 1630; x_wconf 90' lang='lat' dir='ltr'>et</span> <span class='ocrx_word' id='word_1_81' title='bbox 789 1567 876 1649; x_wconf 93' lang='lat' dir='ltr'>quod</span> <span class='ocrx_word' id='word_1_82' title='bbox 900 1587 1095 1650; x_wconf 87' lang='lat' dir='ltr'>unaqueque</span> <span class='ocrx_word' id='word_1_83' title='bbox 1115 1568 1260 1630; x_wconf 91' lang='lat' dir='ltr'>villarum</span> <span class='ocrx_word' id='word_1_84' title='bbox 1284 1577 1317 1631; x_wconf 91' lang='lat' dir='ltr'>et</span> <span class='ocrx_word' id='word_1_85' title='bbox 1340 1567 1512 1647; x_wconf 89' lang='lat' dir='ltr'>opidorum</span> <span class='ocrx_word' id='word_1_86' title='bbox 1543 1565 1663 1630; x_wconf 88' lang='lat' dir='ltr'>habeat</span> <span class='ocrx_word' id='word_1_87' title='bbox 1687 1568 1800 1632; x_wconf 88' lang='lat' dir='ltr'>scolte-</span> 
     </span>
     <span class='ocr_line' id='line_1_10' title="bbox 247 1673 1800 1756; baseline 0.003 -23"><span class='ocrx_word' id='word_1_88' title='bbox 247 1673 328 1734; x_wconf 90' lang='lat' dir='ltr'>ciam</span> <span class='ocrx_word' id='word_1_89' title='bbox 352 1693 424 1735; x_wconf 92' lang='lat' dir='ltr'>cum</span> <span class='ocrx_word' id='word_1_90' title='bbox 453 1673 555 1736; x_wconf 90' lang='lat' dir='ltr'>tribus</span> <span class='ocrx_word' id='word_1_91' title='bbox 579 1675 714 1747; x_wconf 90' lang='lat' dir='ltr'>mansis,</span> <span class='ocrx_word' id='word_1_92' title='bbox 751 1695 816 1737; x_wconf 96' lang='lat' dir='ltr'>uno</span> <span class='ocrx_word' id='word_1_93' title='bbox 845 1685 939 1756; x_wconf 90' lang='lat' dir='ltr'>prato</span> <span class='ocrx_word' id='word_1_94' title='bbox 970 1675 1012 1737; x_wconf 92' lang='lat' dir='ltr'>ad</span> <span class='ocrx_word' id='word_1_95' title='bbox 1043 1677 1269 1738; x_wconf 86' lang='lat' dir='ltr'>extensionem</span> <span class='ocrx_word' id='word_1_96' title='bbox 1301 1674 1395 1736; x_wconf 92' lang='lat' dir='ltr'>unius</span> <span class='ocrx_word' id='word_1_97' title='bbox 1425 1673 1544 1747; x_wconf 89' lang='lat' dir='ltr'>mansi,</span> <span class='ocrx_word' id='word_1_98' title='bbox 1580 1673 1800 1749; x_wconf 75' lang='lat' dir='ltr'>decernentes</span> 
     </span>
     <span class='ocr_line' id='line_1_11' title="bbox 247 1777 1800 1864; baseline 0.001 -23"><span class='ocrx_word' id='word_1_99' title='bbox 247 1779 335 1860; x_wconf 94' lang='lat' dir='ltr'>quod</span> <span class='ocrx_word' id='word_1_100' title='bbox 358 1781 384 1842; x_wconf 89' lang='lat' dir='ltr'>si</span> <span class='ocrx_word' id='word_1_101' title='bbox 408 1777 464 1864; x_wconf 80' lang='lat' dir='ltr'>[et]</span> <span class='ocrx_word' id='word_1_102' title='bbox 481 1783 512 1841; x_wconf 94' lang='lat' dir='ltr'>in</span> <span class='ocrx_word' id='word_1_103' title='bbox 530 1791 688 1862; x_wconf 89' lang='lat' dir='ltr'>quantum</span> <span class='ocrx_word' id='word_1_104' title='bbox 713 1781 816 1845; x_wconf 89' lang='lat' dir='ltr'>dictus</span> <span class='ocrx_word' id='word_1_105' title='bbox 841 1782 922 1844; x_wconf 92' lang='lat' dir='ltr'>dnus</span> <span class='ocrx_word' id='word_1_106' title='bbox 946 1780 1069 1845; x_wconf 77' lang='lat' dir='ltr'>Czollco</span> <span class='ocrx_word' id='word_1_107' title='bbox 1094 1781 1263 1863; x_wconf 84' lang='lat' dir='ltr'>negligens</span> <span class='ocrx_word' id='word_1_108' title='bbox 1287 1779 1380 1843; x_wconf 88' lang='lat' dir='ltr'>suerit</span> <span class='ocrx_word' id='word_1_109' title='bbox 1404 1781 1437 1842; x_wconf 92' lang='lat' dir='ltr'>in</span> <span class='ocrx_word' id='word_1_110' title='bbox 1453 1781 1620 1842; x_wconf 90' lang='lat' dir='ltr'>ereccione</span> <span class='ocrx_word' id='word_1_111' title='bbox 1644 1781 1800 1845; x_wconf 88' lang='lat' dir='ltr'>dictarum</span> 
     </span>
     <span class='ocr_line' id='line_1_12' title="bbox 245 1881 1799 1968; baseline 0.002 -21"><span class='ocrx_word' id='word_1_112' title='bbox 245 1885 390 1949; x_wconf 87' lang='lat' dir='ltr'>villarum</span> <span class='ocrx_word' id='word_1_113' title='bbox 415 1898 448 1950; x_wconf 93' lang='lat' dir='ltr'>et</span> <span class='ocrx_word' id='word_1_114' title='bbox 471 1888 672 1968; x_wconf 91' lang='lat' dir='ltr'>prediorum,</span> <span class='ocrx_word' id='word_1_115' title='bbox 705 1900 825 1952; x_wconf 88' lang='lat' dir='ltr'>extunc</span> <span class='ocrx_word' id='word_1_116' title='bbox 848 1889 952 1952; x_wconf 90' lang='lat' dir='ltr'>dictus</span> <span class='ocrx_word' id='word_1_117' title='bbox 984 1889 1066 1954; x_wconf 89' lang='lat' dir='ltr'>dnus</span> <span class='ocrx_word' id='word_1_118' title='bbox 1096 1887 1275 1952; x_wconf 89' lang='lat' dir='ltr'>Stanislaus</span> <span class='ocrx_word' id='word_1_119' title='bbox 1307 1887 1399 1968; x_wconf 90' lang='lat' dir='ltr'>Epus</span> <span class='ocrx_word' id='word_1_120' title='bbox 1421 1887 1556 1950; x_wconf 90' lang='lat' dir='ltr'>habebit</span> <span class='ocrx_word' id='word_1_121' title='bbox 1579 1881 1799 1950; x_wconf 76' lang='lat' dir='ltr'>omnimodam</span> 
     </span>
     <span class='ocr_line' id='line_1_13' title="bbox 244 1992 1344 2078; baseline 0.004 -24"><span class='ocrx_word' id='word_1_122' title='bbox 244 1992 430 2056; x_wconf 80' lang='lat' dir='ltr'>facultatem</span> <span class='ocrx_word' id='word_1_123' title='bbox 454 2016 514 2075; x_wconf 92' lang='lat' dir='ltr'>pro</span> <span class='ocrx_word' id='word_1_124' title='bbox 538 2015 573 2058; x_wconf 84' lang='lat' dir='ltr'>se</span> <span class='ocrx_word' id='word_1_125' title='bbox 596 1995 740 2078; x_wconf 87' lang='lat' dir='ltr'>erigendi</span> <span class='ocrx_word' id='word_1_126' title='bbox 764 1995 866 2058; x_wconf 87' lang='lat' dir='ltr'>dictas</span> <span class='ocrx_word' id='word_1_127' title='bbox 890 1995 995 2068; x_wconf 87' lang='lat' dir='ltr'>villas,</span> <span class='ocrx_word' id='word_1_128' title='bbox 1022 1996 1145 2077; x_wconf 92' lang='lat' dir='ltr'>oppida</span> <span class='ocrx_word' id='word_1_129' title='bbox 1169 2007 1202 2058; x_wconf 92' lang='lat' dir='ltr'>et</span> <span class='ocrx_word' id='word_1_130' title='bbox 1225 1994 1344 2076; x_wconf 92' lang='lat' dir='ltr'>predia.</span> 
     </span>
    </p>

    <p class='ocr_par' dir='ltr' id='par_1_4' title="bbox 245 2097 1803 2379">
     <span class='ocr_line' id='line_1_14' title="bbox 357 2097 1802 2184; baseline 0 -20"><span class='ocrx_word' id='word_1_131' title='bbox 357 2097 413 2166; x_wconf 84' lang='grc'><strong>12.</strong></span> <span class='ocrx_word' id='word_1_132' title='bbox 438 2101 473 2182; x_wconf 92' lang='lat' dir='ltr'>(l.</span> <span class='ocrx_word' id='word_1_133' title='bbox 493 2102 558 2183; x_wconf 84' lang='lat'>18⁰)</span> <span class='ocrx_word' id='word_1_134' title='bbox 583 2102 664 2165; x_wconf 91' lang='lat' dir='ltr'>Item</span> <span class='ocrx_word' id='word_1_135' title='bbox 678 2103 847 2164; x_wconf 90' lang='lat' dir='ltr'>memorati</span> <span class='ocrx_word' id='word_1_136' title='bbox 863 2102 917 2164; x_wconf 90' lang='lat' dir='ltr'>dni</span> <span class='ocrx_word' id='word_1_137' title='bbox 934 2102 1049 2183; x_wconf 90' lang='lat' dir='ltr'>prelati</span> <span class='ocrx_word' id='word_1_138' title='bbox 1066 2113 1099 2166; x_wconf 92' lang='lat' dir='ltr'>et</span> <span class='ocrx_word' id='word_1_139' title='bbox 1115 2102 1261 2164; x_wconf 88' lang='lat' dir='ltr'>canonici</span> <span class='ocrx_word' id='word_1_140' title='bbox 1278 2111 1528 2174; x_wconf 91' lang='lat' dir='ltr'>consenserunt,</span> <span class='ocrx_word' id='word_1_141' title='bbox 1554 2101 1642 2184; x_wconf 93' lang='lat' dir='ltr'>quod</span> <span class='ocrx_word' id='word_1_142' title='bbox 1659 2101 1802 2183; x_wconf 86' lang='lat' dir='ltr'>prefatus</span> 
     </span>
     <span class='ocr_line' id='line_1_15' title="bbox 246 2206 1803 2290; baseline 0.001 -22"><span class='ocrx_word' id='word_1_143' title='bbox 246 2206 329 2269; x_wconf 88' lang='lat' dir='ltr'>dnus</span> <span class='ocrx_word' id='word_1_144' title='bbox 353 2206 476 2270; x_wconf 74' lang='lat' dir='ltr'>Czollco</span> <span class='ocrx_word' id='word_1_145' title='bbox 500 2208 754 2272; x_wconf 88' lang='lat' dir='ltr'>subcamerarius</span> <span class='ocrx_word' id='word_1_146' title='bbox 778 2207 957 2274; x_wconf 88' lang='lat' dir='ltr'>Sandomir.</span> <span class='ocrx_word' id='word_1_147' title='bbox 981 2209 1100 2272; x_wconf 91' lang='lat' dir='ltr'>habeat</span> <span class='ocrx_word' id='word_1_148' title='bbox 1128 2208 1315 2272; x_wconf 88' lang='lat' dir='ltr'>scolteciam</span> <span class='ocrx_word' id='word_1_149' title='bbox 1339 2209 1371 2270; x_wconf 94' lang='lat' dir='ltr'>in</span> <span class='ocrx_word' id='word_1_150' title='bbox 1395 2207 1563 2290; x_wconf 90' lang='lat' dir='ltr'>Wyrzbye</span> <span class='ocrx_word' id='word_1_151' title='bbox 1586 2207 1661 2270; x_wconf 89' lang='lat' dir='ltr'>villa</span> <span class='ocrx_word' id='word_1_152' title='bbox 1683 2207 1724 2270; x_wconf 92' lang='lat' dir='ltr'>ad</span> <span class='ocrx_word' id='word_1_153' title='bbox 1750 2228 1803 2271; x_wconf 91' lang='lat' dir='ltr'>ex-</span> 
     </span>
     <span class='ocr_line' id='line_1_16' title="bbox 245 2315 808 2379; baseline 0.005 -4"><span class='ocrx_word' id='word_1_154' title='bbox 245 2315 427 2376; x_wconf 90' lang='lat' dir='ltr'>tensionem</span> <span class='ocrx_word' id='word_1_155' title='bbox 451 2315 587 2378; x_wconf 91' lang='lat' dir='ltr'>duorum</span> <span class='ocrx_word' id='word_1_156' title='bbox 612 2335 808 2379; x_wconf 91' lang='lat' dir='ltr'>mansorum.</span> 
     </span>
    </p>
   </div>
   <div class='ocr_carea' id='block_1_3' title="bbox 246 2490 1803 4194">
    <p class='ocr_par' dir='ltr' id='par_1_5' title="bbox 459 2490 1105 2573">
     <span class='ocr_line' id='line_1_17' title="bbox 459 2490 1105 2573; baseline 0 -20"><span class='ocrx_word' id='word_1_157' title='bbox 459 2490 503 2554; x_wconf 90' lang='lat' dir='ltr'>A.</span> <span class='ocrx_word' id='word_1_158' title='bbox 535 2509 632 2571; x_wconf 87' lang='lat'>1430,</span> <span class='ocrx_word' id='word_1_159' title='bbox 652 2492 790 2572; x_wconf 90' lang='lat' dir='ltr'>Januarii</span> <span class='ocrx_word' id='word_1_160' title='bbox 815 2509 872 2572; x_wconf 87' lang='lat'>31,</span> <span class='ocrx_word' id='word_1_161' title='bbox 899 2492 930 2554; x_wconf 91' lang='lat' dir='ltr'>in</span> <span class='ocrx_word' id='word_1_162' title='bbox 954 2492 1105 2573; x_wconf 90' lang='lat' dir='ltr'>capitulo.</span> 
     </span>
    </p>

    <p class='ocr_par' dir='ltr' id='par_1_6' title="bbox 246 2611 1803 4194">
     <span class='ocr_line' id='line_1_18' title="bbox 358 2611 1803 2698; baseline -0.001 -18"><span class='ocrx_word' id='word_1_163' title='bbox 358 2611 415 2680; x_wconf 81' lang='lat'>13.</span> <span class='ocrx_word' id='word_1_164' title='bbox 432 2615 468 2696; x_wconf 88' lang='lat' dir='ltr'>(I.</span> <span class='ocrx_word' id='word_1_165' title='bbox 494 2618 547 2696; x_wconf 89' lang='lat'>26)</span> <span class='ocrx_word' id='word_1_166' title='bbox 572 2617 633 2678; x_wconf 92' lang='lat' dir='ltr'>Die</span> <span class='ocrx_word' id='word_1_167' title='bbox 649 2617 763 2680; x_wconf 89' lang='lat' dir='ltr'>Martis</span> <span class='ocrx_word' id='word_1_168' title='bbox 781 2618 845 2695; x_wconf 83' lang='lat' dir='ltr'>3tia</span> <span class='ocrx_word' id='word_1_169' title='bbox 861 2616 896 2698; x_wconf 85' lang='lat' dir='ltr'>(s)</span> <span class='ocrx_word' id='word_1_170' title='bbox 912 2617 1098 2679; x_wconf 88' lang='lat' dir='ltr'>Februarii.</span> <span class='ocrx_word' id='word_1_171' title='bbox 1114 2663 1121 2679; x_wconf 95' lang='lat'><strong>.</strong></span> <span class='ocrx_word' id='word_1_172' title='bbox 1146 2615 1200 2678; x_wconf 92' lang='lat' dir='ltr'>dni</span> <span class='ocrx_word' id='word_1_173' title='bbox 1216 2615 1256 2678; x_wconf 91' lang='lat' dir='ltr'>de</span> <span class='ocrx_word' id='word_1_174' title='bbox 1272 2615 1415 2698; x_wconf 89' lang='lat' dir='ltr'>capitulo</span> <span class='ocrx_word' id='word_1_175' title='bbox 1435 2615 1653 2697; x_wconf 87' lang='lat' dir='ltr'>capitulariter</span> <span class='ocrx_word' id='word_1_176' title='bbox 1670 2635 1803 2697; x_wconf 89' lang='lat' dir='ltr'>congre·</span> 
     </span>
     <span class='ocr_line' id='line_1_19' title="bbox 246 2721 1803 2806; baseline 0.001 -22"><span class='ocrx_word' id='word_1_177' title='bbox 246 2723 314 2804; x_wconf 91' lang='lat' dir='ltr'>gati</span> <span class='ocrx_word' id='word_1_178' title='bbox 330 2723 470 2786; x_wconf 87' lang='lat' dir='ltr'>litteram</span> <span class='ocrx_word' id='word_1_179' title='bbox 488 2724 708 2806; x_wconf 91' lang='lat' dir='ltr'>inscripcionis</span> <span class='ocrx_word' id='word_1_180' title='bbox 725 2725 846 2786; x_wconf 89' lang='lat' dir='ltr'>tenoris</span> <span class='ocrx_word' id='word_1_181' title='bbox 862 2725 1053 2804; x_wconf 80' lang='lat' dir='ltr'>infrascripti</span> <span class='ocrx_word' id='word_1_182' title='bbox 1070 2744 1128 2805; x_wconf 92' lang='lat' dir='ltr'>per</span> <span class='ocrx_word' id='word_1_183' title='bbox 1144 2742 1272 2805; x_wconf 86' lang='lat' dir='ltr'>mgrum</span> <span class='ocrx_word' id='word_1_184' title='bbox 1288 2721 1513 2786; x_wconf 89' lang='lat' dir='ltr'>Strzesconem</span> <span class='ocrx_word' id='word_1_185' title='bbox 1533 2734 1566 2787; x_wconf 91' lang='lat' dir='ltr'>et</span> <span class='ocrx_word' id='word_1_186' title='bbox 1584 2723 1712 2785; x_wconf 87' lang='lat' dir='ltr'>Petrum</span> <span class='ocrx_word' id='word_1_187' title='bbox 1736 2722 1803 2785; x_wconf 91' lang='lat' dir='ltr'>No·</span> 
     </span>
     <span class='ocr_line' id='line_1_20' title="bbox 247 2829 1801 2912; baseline 0.001 -21"><span class='ocrx_word' id='word_1_188' title='bbox 247 2851 357 2910; x_wconf 90' lang='lat' dir='ltr'>wyecz</span> <span class='ocrx_word' id='word_1_189' title='bbox 379 2832 555 2894; x_wconf 89' lang='lat' dir='ltr'>canonicos</span> <span class='ocrx_word' id='word_1_190' title='bbox 579 2830 675 2894; x_wconf 88' lang='lat' dir='ltr'>Pozn.</span> <span class='ocrx_word' id='word_1_191' title='bbox 700 2831 879 2894; x_wconf 85' lang='lat' dir='ltr'>exhibitam</span> <span class='ocrx_word' id='word_1_192' title='bbox 904 2832 1037 2894; x_wconf 91' lang='lat' dir='ltr'>matrice</span> <span class='ocrx_word' id='word_1_193' title='bbox 1068 2831 1210 2912; x_wconf 88' lang='lat' dir='ltr'>presenti</span> <span class='ocrx_word' id='word_1_194' title='bbox 1232 2830 1361 2893; x_wconf 88' lang='lat' dir='ltr'>inscribi</span> <span class='ocrx_word' id='word_1_195' title='bbox 1392 2829 1545 2902; x_wconf 83' lang='lat' dir='ltr'>fecerunt,</span> <span class='ocrx_word' id='word_1_196' title='bbox 1570 2831 1801 2911; x_wconf 89' lang='lat' dir='ltr'>promittentes</span> 
     </span>
     <span class='ocr_line' id='line_1_21' title="bbox 249 2937 1800 3018; baseline -0.001 -18"><span class='ocrx_word' id='word_1_197' title='bbox 249 2937 352 3000; x_wconf 91' lang='lat' dir='ltr'>dictos</span> <span class='ocrx_word' id='word_1_198' title='bbox 375 2938 458 3000; x_wconf 91' lang='lat' dir='ltr'>dnos</span> <span class='ocrx_word' id='word_1_199' title='bbox 482 2938 523 3000; x_wconf 93' lang='lat' dir='ltr'>de</span> <span class='ocrx_word' id='word_1_200' title='bbox 546 2939 710 3002; x_wconf 88' lang='lat' dir='ltr'>contentis</span> <span class='ocrx_word' id='word_1_201' title='bbox 733 2939 765 3000; x_wconf 93' lang='lat' dir='ltr'>in</span> <span class='ocrx_word' id='word_1_202' title='bbox 789 2938 896 3002; x_wconf 91' lang='lat' dir='ltr'>littera</span> <span class='ocrx_word' id='word_1_203' title='bbox 920 2937 1034 3000; x_wconf 90' lang='lat' dir='ltr'>eadem</span> <span class='ocrx_word' id='word_1_204' title='bbox 1058 2937 1193 3000; x_wconf 88' lang='lat' dir='ltr'>reddere</span> <span class='ocrx_word' id='word_1_205' title='bbox 1216 2937 1408 3018; x_wconf 90' lang='lat' dir='ltr'>indempnes</span> <span class='ocrx_word' id='word_1_206' title='bbox 1431 2947 1464 3001; x_wconf 94' lang='lat' dir='ltr'>et</span> <span class='ocrx_word' id='word_1_207' title='bbox 1489 2937 1613 3000; x_wconf 89' lang='lat' dir='ltr'>litteras</span> <span class='ocrx_word' id='word_1_208' title='bbox 1636 2957 1734 3018; x_wconf 87' lang='lat' dir='ltr'>super</span> <span class='ocrx_word' id='word_1_209' title='bbox 1756 2938 1800 2998; x_wconf 94' lang='lat' dir='ltr'>in·</span> 
     </span>
     <span class='ocr_line' id='line_1_22' title="bbox 249 3043 1802 3127; baseline 0 -21"><span class='ocrx_word' id='word_1_210' title='bbox 249 3043 449 3126; x_wconf 89' lang='lat' dir='ltr'>dempnitate</span> <span class='ocrx_word' id='word_1_211' title='bbox 480 3057 697 3127; x_wconf 88' lang='lat' dir='ltr'>proventuum</span> <span class='ocrx_word' id='word_1_212' title='bbox 729 3045 905 3108; x_wconf 88' lang='lat' dir='ltr'>decanatus</span> <span class='ocrx_word' id='word_1_213' title='bbox 937 3045 996 3108; x_wconf 91' lang='lat' dir='ltr'>sub</span> <span class='ocrx_word' id='word_1_214' title='bbox 1021 3045 1128 3126; x_wconf 89' lang='lat' dir='ltr'>sigillo</span> <span class='ocrx_word' id='word_1_215' title='bbox 1158 3043 1290 3126; x_wconf 92' lang='lat' dir='ltr'>capituli</span> <span class='ocrx_word' id='word_1_216' title='bbox 1314 3043 1453 3120; x_wconf 56' lang='lat' dir='ltr'>dandas</span> <span class='ocrx_word' id='word_1_217' title='bbox 1482 3045 1509 3106; x_wconf 93' lang='lat' dir='ltr'>si</span> <span class='ocrx_word' id='word_1_218' title='bbox 1533 3044 1620 3107; x_wconf 92' lang='lat' dir='ltr'>etin</span> <span class='ocrx_word' id='word_1_219' title='bbox 1645 3054 1802 3126; x_wconf 91' lang='lat' dir='ltr'>quantum</span> 
     </span>
     <span class='ocr_line' id='line_1_23' title="bbox 248 3146 1803 3234; baseline 0 -21"><span class='ocrx_word' id='word_1_220' title='bbox 248 3151 341 3214; x_wconf 86' lang='lat' dir='ltr'>suerit</span> <span class='ocrx_word' id='word_1_221' title='bbox 365 3163 578 3232; x_wconf 87' lang='lat' dir='ltr'>oportunum,</span> <span class='ocrx_word' id='word_1_222' title='bbox 603 3153 692 3215; x_wconf 88' lang='lat' dir='ltr'>cuius</span> <span class='ocrx_word' id='word_1_223' title='bbox 716 3152 822 3215; x_wconf 89' lang='lat' dir='ltr'>littere</span> <span class='ocrx_word' id='word_1_224' title='bbox 846 3152 990 3234; x_wconf 88' lang='lat' dir='ltr'>sequitur</span> <span class='ocrx_word' id='word_1_225' title='bbox 1013 3161 1109 3214; x_wconf 92' lang='lat' dir='ltr'>tenor</span> <span class='ocrx_word' id='word_1_226' title='bbox 1133 3151 1165 3213; x_wconf 93' lang='lat' dir='ltr'>in</span> <span class='ocrx_word' id='word_1_227' title='bbox 1188 3150 1249 3213; x_wconf 91' lang='lat' dir='ltr'>hec</span> <span class='ocrx_word' id='word_1_228' title='bbox 1272 3146 1386 3214; x_wconf 90' lang='lat' dir='ltr'>verba:</span> <span class='ocrx_word' id='word_1_229' title='bbox 1422 3150 1493 3213; x_wconf 93' lang='lat' dir='ltr'>Nos</span> <span class='ocrx_word' id='word_1_230' title='bbox 1517 3169 1589 3232; x_wconf 90' lang='lat' dir='ltr'>mgr</span> <span class='ocrx_word' id='word_1_231' title='bbox 1612 3149 1744 3214; x_wconf 88' lang='lat' dir='ltr'>Stresco</span> <span class='ocrx_word' id='word_1_232' title='bbox 1770 3159 1803 3213; x_wconf 91' lang='lat' dir='ltr'>et</span> 
     </span>
     <span class='ocr_line' id='line_1_24' title="bbox 247 3257 1803 3341; baseline 0 -21"><span class='ocrx_word' id='word_1_233' title='bbox 247 3257 359 3321; x_wconf 90' lang='lat' dir='ltr'>Petrus</span> <span class='ocrx_word' id='word_1_234' title='bbox 382 3257 548 3340; x_wconf 89' lang='lat' dir='ltr'>Nowyecz</span> <span class='ocrx_word' id='word_1_235' title='bbox 571 3260 717 3321; x_wconf 88' lang='lat' dir='ltr'>canonici</span> <span class='ocrx_word' id='word_1_236' title='bbox 747 3259 843 3322; x_wconf 89' lang='lat' dir='ltr'>Pozn.</span> <span class='ocrx_word' id='word_1_237' title='bbox 867 3257 1083 3341; x_wconf 88' lang='lat' dir='ltr'>significamus</span> <span class='ocrx_word' id='word_1_238' title='bbox 1114 3269 1228 3320; x_wconf 91' lang='lat' dir='ltr'>tenore</span> <span class='ocrx_word' id='word_1_239' title='bbox 1256 3259 1475 3339; x_wconf 89' lang='lat' dir='ltr'>presencium,</span> <span class='ocrx_word' id='word_1_240' title='bbox 1511 3257 1629 3340; x_wconf 91' lang='lat' dir='ltr'>quibus</span> <span class='ocrx_word' id='word_1_241' title='bbox 1660 3257 1803 3338; x_wconf 90' lang='lat' dir='ltr'>expedit,</span> 
     </span>
     <span class='ocr_line' id='line_1_25' title="bbox 248 3362 1803 3448; baseline -0.002 -20"><span class='ocrx_word' id='word_1_242' title='bbox 248 3366 418 3442; x_wconf 89' lang='lat' dir='ltr'>universis,</span> <span class='ocrx_word' id='word_1_243' title='bbox 443 3367 530 3448; x_wconf 91' lang='lat' dir='ltr'>quod</span> <span class='ocrx_word' id='word_1_244' title='bbox 554 3367 771 3448; x_wconf 90' lang='lat' dir='ltr'>promittimus</span> <span class='ocrx_word' id='word_1_245' title='bbox 796 3365 969 3428; x_wconf 85' lang='lat' dir='ltr'>bonafide</span> <span class='ocrx_word' id='word_1_246' title='bbox 1001 3362 1080 3427; x_wconf 91' lang='lat' dir='ltr'>Smo</span> <span class='ocrx_word' id='word_1_247' title='bbox 1112 3365 1288 3446; x_wconf 91' lang='lat' dir='ltr'>principi..</span> <span class='ocrx_word' id='word_1_248' title='bbox 1312 3363 1493 3428; x_wconf 86' lang='lat' dir='ltr'>Wladislao</span> <span class='ocrx_word' id='word_1_249' title='bbox 1524 3364 1555 3427; x_wconf 90' lang='lat' dir='ltr'>d.</span> <span class='ocrx_word' id='word_1_250' title='bbox 1580 3384 1611 3445; x_wconf 89' lang='lat' dir='ltr'>g.</span> <span class='ocrx_word' id='word_1_251' title='bbox 1634 3362 1720 3445; x_wconf 87' lang='lat' dir='ltr'>Regi</span> <span class='ocrx_word' id='word_1_252' title='bbox 1745 3363 1803 3426; x_wconf 90' lang='lat' dir='ltr'>Po·</span> 
     </span>
     <span class='ocr_line' id='line_1_26' title="bbox 248 3469 1802 3553; baseline -0.001 -20"><span class='ocrx_word' id='word_1_253' title='bbox 248 3471 333 3534; x_wconf 93' lang='lat' dir='ltr'>lonie</span> <span class='ocrx_word' id='word_1_254' title='bbox 357 3473 397 3535; x_wconf 93' lang='lat' dir='ltr'>de</span> <span class='ocrx_word' id='word_1_255' title='bbox 422 3472 515 3534; x_wconf 90' lang='lat' dir='ltr'>bonis</span> <span class='ocrx_word' id='word_1_256' title='bbox 540 3472 698 3535; x_wconf 91' lang='lat' dir='ltr'>decanum</span> <span class='ocrx_word' id='word_1_257' title='bbox 722 3473 993 3536; x_wconf 89' lang='lat' dir='ltr'>concernentibus</span> <span class='ocrx_word' id='word_1_258' title='bbox 1016 3472 1093 3534; x_wconf 92' lang='lat' dir='ltr'>nulli</span> <span class='ocrx_word' id='word_1_259' title='bbox 1116 3472 1315 3553; x_wconf 89' lang='lat' dir='ltr'>respondere</span> <span class='ocrx_word' id='word_1_260' title='bbox 1339 3473 1408 3535; x_wconf 89' lang='lat' dir='ltr'>sine</span> <span class='ocrx_word' id='word_1_261' title='bbox 1431 3491 1593 3534; x_wconf 89' lang='lat' dir='ltr'>consensu</span> <span class='ocrx_word' id='word_1_262' title='bbox 1618 3471 1672 3532; x_wconf 94' lang='lat' dir='ltr'>dni</span> <span class='ocrx_word' id='word_1_263' title='bbox 1700 3469 1802 3552; x_wconf 90' lang='lat' dir='ltr'>Regis</span> 
     </span>
     <span class='ocr_line' id='line_1_27' title="bbox 249 3577 1801 3662; baseline -0.001 -21"><span class='ocrx_word' id='word_1_264' title='bbox 249 3579 363 3662; x_wconf 82' lang='lat' dir='ltr'>prefati</span> <span class='ocrx_word' id='word_1_265' title='bbox 386 3580 525 3652; x_wconf 87' lang='lat' dir='ltr'>tamdiu,</span> <span class='ocrx_word' id='word_1_266' title='bbox 558 3601 726 3662; x_wconf 91' lang='lat' dir='ltr'>quousque</span> <span class='ocrx_word' id='word_1_267' title='bbox 750 3581 798 3643; x_wconf 93' lang='lat' dir='ltr'>ius</span> <span class='ocrx_word' id='word_1_268' title='bbox 821 3591 1014 3661; x_wconf 90' lang='lat' dir='ltr'>patronatus</span> <span class='ocrx_word' id='word_1_269' title='bbox 1046 3580 1222 3642; x_wconf 90' lang='lat' dir='ltr'>decanatus</span> <span class='ocrx_word' id='word_1_270' title='bbox 1246 3578 1343 3652; x_wconf 86' lang='lat' dir='ltr'>Pozn.</span> <span class='ocrx_word' id='word_1_271' title='bbox 1370 3579 1599 3642; x_wconf 87' lang='lat' dir='ltr'>interdictum</span> <span class='ocrx_word' id='word_1_272' title='bbox 1623 3577 1722 3639; x_wconf 94' lang='lat' dir='ltr'>dnum</span> <span class='ocrx_word' id='word_1_273' title='bbox 1747 3598 1801 3639; x_wconf 92' lang='lat' dir='ltr'>no·</span> 
     </span>
     <span class='ocr_line' id='line_1_28' title="bbox 249 3683 1802 3768; baseline -0.003 -19"><span class='ocrx_word' id='word_1_274' title='bbox 249 3699 350 3749; x_wconf 91' lang='lat' dir='ltr'>strum</span> <span class='ocrx_word' id='word_1_275' title='bbox 367 3687 493 3768; x_wconf 88' lang='lat' dir='ltr'>Regem</span> <span class='ocrx_word' id='word_1_276' title='bbox 510 3696 543 3750; x_wconf 92' lang='lat' dir='ltr'>et</span> <span class='ocrx_word' id='word_1_277' title='bbox 559 3707 784 3768; x_wconf 90' lang='lat' dir='ltr'>possessorem</span> <span class='ocrx_word' id='word_1_278' title='bbox 802 3687 877 3749; x_wconf 94' lang='lat' dir='ltr'>dicti</span> <span class='ocrx_word' id='word_1_279' title='bbox 895 3687 1071 3751; x_wconf 90' lang='lat' dir='ltr'>decanatus</span> <span class='ocrx_word' id='word_1_280' title='bbox 1083 3685 1106 3766; x_wconf 86' lang='lat'>¹)</span> <span class='ocrx_word' id='word_1_281' title='bbox 1134 3687 1186 3749; x_wconf 92' lang='lat' dir='ltr'>vel</span> <span class='ocrx_word' id='word_1_282' title='bbox 1210 3706 1271 3748; x_wconf 91' lang='lat' dir='ltr'>nos</span> <span class='ocrx_word' id='word_1_283' title='bbox 1295 3683 1444 3748; x_wconf 89' lang='lat' dir='ltr'>Strzesco</span> <span class='ocrx_word' id='word_1_284' title='bbox 1469 3695 1502 3748; x_wconf 91' lang='lat' dir='ltr'>et</span> <span class='ocrx_word' id='word_1_285' title='bbox 1525 3684 1638 3748; x_wconf 91' lang='lat' dir='ltr'>Petrus</span> <span class='ocrx_word' id='word_1_286' title='bbox 1663 3684 1802 3746; x_wconf 90' lang='lat' dir='ltr'>litteram</span> 
     </span>
     <span class='ocr_line' id='line_1_29' title="bbox 247 3791 1802 3875; baseline -0.001 -20"><span class='ocrx_word' id='word_1_287' title='bbox 247 3794 377 3875; x_wconf 90' lang='lat' dir='ltr'>capituli</span> <span class='ocrx_word' id='word_1_288' title='bbox 411 3795 508 3856; x_wconf 87' lang='lat' dir='ltr'>Pozn.</span> <span class='ocrx_word' id='word_1_289' title='bbox 543 3795 574 3856; x_wconf 93' lang='lat' dir='ltr'>in</span> <span class='ocrx_word' id='word_1_290' title='bbox 605 3793 720 3856; x_wconf 90' lang='lat' dir='ltr'>eodem</span> <span class='ocrx_word' id='word_1_291' title='bbox 752 3793 838 3857; x_wconf 92' lang='lat' dir='ltr'>facto</span> <span class='ocrx_word' id='word_1_292' title='bbox 871 3795 1083 3875; x_wconf 88' lang='lat' dir='ltr'>expediemus</span> <span class='ocrx_word' id='word_1_293' title='bbox 1111 3792 1167 3856; x_wconf 87' lang='lat' dir='ltr'>vel.</span> <span class='ocrx_word' id='word_1_294' title='bbox 1191 3796 1278 3856; x_wconf 94' lang='lat' dir='ltr'>bona</span> <span class='ocrx_word' id='word_1_295' title='bbox 1302 3793 1477 3856; x_wconf 89' lang='lat' dir='ltr'>decanatus</span> <span class='ocrx_word' id='word_1_296' title='bbox 1502 3795 1531 3854; x_wconf 91' lang='lat' dir='ltr'>in</span> <span class='ocrx_word' id='word_1_297' title='bbox 1557 3811 1672 3854; x_wconf 91' lang='lat' dir='ltr'>manus</span> <span class='ocrx_word' id='word_1_298' title='bbox 1696 3791 1802 3873; x_wconf 90' lang='lat' dir='ltr'>regias</span> 
     </span>
     <span class='ocr_line' id='line_1_30' title="bbox 247 3897 1801 3984; baseline -0.002 -22"><span class='ocrx_word' id='word_1_299' title='bbox 247 3899 299 3962; x_wconf 93' lang='lat' dir='ltr'>vel</span> <span class='ocrx_word' id='word_1_300' title='bbox 323 3920 453 3962; x_wconf 93' lang='lat' dir='ltr'>suorum</span> <span class='ocrx_word' id='word_1_301' title='bbox 484 3901 778 3963; x_wconf 86' lang='lat' dir='ltr'>commissariorum</span> <span class='ocrx_word' id='word_1_302' title='bbox 809 3903 936 3984; x_wconf 91' lang='lat' dir='ltr'>integre</span> <span class='ocrx_word' id='word_1_303' title='bbox 967 3902 1184 3974; x_wconf 89' lang='lat' dir='ltr'>restituemus,</span> <span class='ocrx_word' id='word_1_304' title='bbox 1220 3901 1252 3962; x_wconf 94' lang='lat' dir='ltr'>in</span> <span class='ocrx_word' id='word_1_305' title='bbox 1283 3901 1373 3963; x_wconf 89' lang='lat' dir='ltr'>cuius</span> <span class='ocrx_word' id='word_1_306' title='bbox 1404 3901 1450 3962; x_wconf 92' lang='lat' dir='ltr'>rei</span> <span class='ocrx_word' id='word_1_307' title='bbox 1477 3900 1699 3962; x_wconf 92' lang='lat' dir='ltr'>testimonium</span> <span class='ocrx_word' id='word_1_308' title='bbox 1722 3897 1801 3960; x_wconf 91' lang='lat' dir='ltr'>litte-</span> 
     </span>
     <span class='ocr_line' id='line_1_31' title="bbox 246 4005 1802 4090; baseline -0.003 -21"><span class='ocrx_word' id='word_1_309' title='bbox 246 4026 314 4069; x_wconf 91' lang='lat' dir='ltr'>ram</span> <span class='ocrx_word' id='word_1_310' title='bbox 348 4019 536 4088; x_wconf 91' lang='lat' dir='ltr'>presentem</span> <span class='ocrx_word' id='word_1_311' title='bbox 571 4007 749 4088; x_wconf 88' lang='lat' dir='ltr'>sigillorum</span> <span class='ocrx_word' id='word_1_312' title='bbox 785 4018 971 4072; x_wconf 92' lang='lat' dir='ltr'>nostrorum</span> <span class='ocrx_word' id='word_1_313' title='bbox 1014 4009 1215 4090; x_wconf 91' lang='lat' dir='ltr'>appensione</span> <span class='ocrx_word' id='word_1_314' title='bbox 1250 4007 1483 4070; x_wconf 89' lang='lat' dir='ltr'>roboravimus.</span> <span class='ocrx_word' id='word_1_315' title='bbox 1523 4005 1645 4068; x_wconf 92' lang='lat' dir='ltr'>Datum</span> <span class='ocrx_word' id='word_1_316' title='bbox 1680 4015 1714 4068; x_wconf 89' lang='lat' dir='ltr'>et</span> <span class='ocrx_word' id='word_1_317' title='bbox 1750 4023 1802 4065; x_wconf 93' lang='lat' dir='ltr'>ac·</span> 
     </span>
     <span class='ocr_line' id='line_1_32' title="bbox 247 4113 452 4194; baseline -0.005 -17"><span class='ocrx_word' id='word_1_318' title='bbox 247 4124 316 4177; x_wconf 90' lang='lat' dir='ltr'>tum</span> <span class='ocrx_word' id='word_1_319' title='bbox 340 4125 401 4177; x_wconf 91' lang='lat' dir='ltr'>etc.</span> <span class='ocrx_word' id='word_1_320' title='bbox 417 4113 452 4194; x_wconf 71' lang='lat'>²).</span> 
     </span>
    </p>
   </div>
   <div class='ocr_carea' id='block_1_4' title="bbox 244 4289 1805 5353">
    <p class='ocr_par' dir='ltr' id='par_1_7' title="bbox 344 4289 1068 4372">
     <span class='ocr_line' id='line_1_33' title="bbox 344 4289 1068 4372; baseline 0 -19"><span class='ocrx_word' id='word_1_321' title='bbox 344 4293 347 4299; x_wconf 81' lang='grc'><strong>’</strong></span> <span class='ocrx_word' id='word_1_322' title='bbox 463 4289 506 4354; x_wconf 91' lang='grc' dir='ltr'>Α.</span> <span class='ocrx_word' id='word_1_323' title='bbox 539 4308 635 4370; x_wconf 86' lang='lat'><em>1430,</em></span> <span class='ocrx_word' id='word_1_324' title='bbox 660 4291 783 4372; x_wconf 89' lang='lat' dir='ltr'>Aprilis</span> <span class='ocrx_word' id='word_1_325' title='bbox 806 4310 836 4370; x_wconf 88' lang='lat'>4,</span> <span class='ocrx_word' id='word_1_326' title='bbox 861 4291 893 4352; x_wconf 93' lang='lat' dir='ltr'>in</span> <span class='ocrx_word' id='word_1_327' title='bbox 916 4291 1068 4372; x_wconf 90' lang='lat' dir='ltr'>capitulo.</span> 
     </span>
    </p>

    <p class='ocr_par' dir='ltr' id='par_1_8' title="bbox 244 4411 1805 5353">
     <span class='ocr_line' id='line_1_34' title="bbox 356 4411 1802 4498; baseline -0.004 -18"><span class='ocrx_word' id='word_1_328' title='bbox 356 4411 413 4480; x_wconf 89' lang='grc'>14.</span> <span class='ocrx_word' id='word_1_329' title='bbox 430 4415 462 4498; x_wconf 85' lang='grc' dir='ltr'>(Ι.</span> <span class='ocrx_word' id='word_1_330' title='bbox 481 4417 535 4496; x_wconf 85' lang='lat'>29)</span> <span class='ocrx_word' id='word_1_331' title='bbox 552 4416 699 4478; x_wconf 91' lang='lat' dir='ltr'>Dnorum</span> <span class='ocrx_word' id='word_1_332' title='bbox 716 4415 755 4477; x_wconf 91' lang='lat' dir='ltr'>de</span> <span class='ocrx_word' id='word_1_333' title='bbox 772 4415 914 4497; x_wconf 88' lang='lat' dir='ltr'>capitulo</span> <span class='ocrx_word' id='word_1_334' title='bbox 931 4435 1003 4477; x_wconf 93' lang='lat' dir='ltr'>cum</span> <span class='ocrx_word' id='word_1_335' title='bbox 1021 4415 1086 4478; x_wconf 93' lang='lat' dir='ltr'>dno</span> <span class='ocrx_word' id='word_1_336' title='bbox 1104 4415 1194 4496; x_wconf 91' lang='lat' dir='ltr'>Drya</span> <span class='ocrx_word' id='word_1_337' title='bbox 1211 4415 1389 4478; x_wconf 90' lang='lat' dir='ltr'>decano-</span> <span class='ocrx_word' id='word_1_338' title='bbox 1403 4413 1464 4475; x_wconf 92' lang='lat' dir='ltr'>Die</span> <span class='ocrx_word' id='word_1_339' title='bbox 1481 4413 1594 4476; x_wconf 86' lang='lat' dir='ltr'>Martis</span> <span class='ocrx_word' id='word_1_340' title='bbox 1613 4413 1688 4492; x_wconf 88' lang='lat' dir='ltr'>3-tia</span> <span class='ocrx_word' id='word_1_341' title='bbox 1704 4413 1744 4495; x_wconf 82' lang='lat' dir='ltr'>(s)</span> <span class='ocrx_word' id='word_1_342' title='bbox 1761 4432 1802 4474; x_wconf 94' lang='lat' dir='ltr'>m.</span> 
     </span>
     <span class='ocr_line' id='line_1_35' title="bbox 250 4519 1801 4604; baseline -0.001 -22"><span class='ocrx_word' id='word_1_343' title='bbox 250 4521 374 4603; x_wconf 90' lang='lat' dir='ltr'>Aprilis</span> <span class='ocrx_word' id='word_1_344' title='bbox 387 4572 409 4586; x_wconf 92' lang='lat'>..</span> <span class='ocrx_word' id='word_1_345' title='bbox 432 4543 538 4586; x_wconf 90' lang='lat' dir='ltr'>vener.</span> <span class='ocrx_word' id='word_1_346' title='bbox 556 4525 604 4586; x_wconf 92' lang='lat' dir='ltr'>vir</span> <span class='ocrx_word' id='word_1_347' title='bbox 620 4523 702 4586; x_wconf 90' lang='lat' dir='ltr'>dnus</span> <span class='ocrx_word' id='word_1_348' title='bbox 726 4521 866 4586; x_wconf 88' lang='lat' dir='ltr'>Mathias</span> <span class='ocrx_word' id='word_1_349' title='bbox 890 4522 980 4604; x_wconf 90' lang='lat' dir='ltr'>Drya</span> <span class='ocrx_word' id='word_1_350' title='bbox 997 4523 1138 4585; x_wconf 91' lang='lat' dir='ltr'>decanus</span> <span class='ocrx_word' id='word_1_351' title='bbox 1161 4522 1265 4594; x_wconf 87' lang='lat' dir='ltr'>Pozn.,</span> <span class='ocrx_word' id='word_1_352' title='bbox 1290 4531 1325 4584; x_wconf 92' lang='lat' dir='ltr'>ut</span> <span class='ocrx_word' id='word_1_353' title='bbox 1341 4520 1535 4602; x_wconf 90' lang='lat' dir='ltr'>principalis,</span> <span class='ocrx_word' id='word_1_354' title='bbox 1552 4531 1585 4582; x_wconf 92' lang='lat' dir='ltr'>et</span> <span class='ocrx_word' id='word_1_355' title='bbox 1600 4519 1801 4582; x_wconf 89' lang='lat' dir='ltr'>honorabilis</span> 
     </span>
     <span class='ocr_line' id='line_1_36' title="bbox 246 4625 1801 4710; baseline -0.002 -19"><span class='ocrx_word' id='word_1_356' title='bbox 246 4629 329 4691; x_wconf 92' lang='lat' dir='ltr'>dnus</span> <span class='ocrx_word' id='word_1_357' title='bbox 352 4629 492 4693; x_wconf 88' lang='lat' dir='ltr'>Mathias</span> <span class='ocrx_word' id='word_1_358' title='bbox 516 4631 556 4692; x_wconf 91' lang='lat' dir='ltr'>de</span> <span class='ocrx_word' id='word_1_359' title='bbox 580 4629 760 4710; x_wconf 88' lang='lat' dir='ltr'>Chlapowo</span> <span class='ocrx_word' id='word_1_360' title='bbox 784 4631 967 4707; x_wconf 70' lang='lat' dir='ltr'>canonieus</span> <span class='ocrx_word' id='word_1_361' title='bbox 992 4639 1027 4693; x_wconf 93' lang='lat' dir='ltr'>ut</span> <span class='ocrx_word' id='word_1_362' title='bbox 1051 4629 1219 4692; x_wconf 88' lang='lat' dir='ltr'>fideiussor</span> <span class='ocrx_word' id='word_1_363' title='bbox 1242 4649 1302 4710; x_wconf 91' lang='lat' dir='ltr'>pro</span> <span class='ocrx_word' id='word_1_364' title='bbox 1327 4628 1451 4702; x_wconf 85' lang='lat' dir='ltr'>eodem,</span> <span class='ocrx_word' id='word_1_365' title='bbox 1474 4647 1582 4689; x_wconf 92' lang='lat' dir='ltr'>vener.</span> <span class='ocrx_word' id='word_1_366' title='bbox 1606 4627 1693 4689; x_wconf 91' lang='lat' dir='ltr'>viros</span> <span class='ocrx_word' id='word_1_367' title='bbox 1716 4625 1801 4688; x_wconf 91' lang='lat' dir='ltr'>dnos</span> 
     </span>
     <span class='ocr_line' id='line_1_37' title="bbox 246 4734 1800 4818; baseline -0.003 -20"><span class='ocrx_word' id='word_1_368' title='bbox 246 4756 375 4818; x_wconf 90' lang='lat' dir='ltr'>mgrum</span> <span class='ocrx_word' id='word_1_369' title='bbox 411 4735 624 4810; x_wconf 76' lang='lat' dir='ltr'>Vincendum</span> <span class='ocrx_word' id='word_1_370' title='bbox 656 4736 757 4812; x_wconf 89' lang='lat' dir='ltr'>Coth,</span> <span class='ocrx_word' id='word_1_371' title='bbox 789 4737 970 4818; x_wconf 89' lang='lat' dir='ltr'>Johannem</span> <span class='ocrx_word' id='word_1_372' title='bbox 997 4748 1176 4810; x_wconf 88' lang='lat' dir='ltr'>cantorem,</span> <span class='ocrx_word' id='word_1_373' title='bbox 1213 4735 1383 4798; x_wconf 88' lang='lat' dir='ltr'>Nicolaum</span> <span class='ocrx_word' id='word_1_374' title='bbox 1412 4734 1636 4808; x_wconf 88' lang='lat' dir='ltr'>scolasticum,</span> <span class='ocrx_word' id='word_1_375' title='bbox 1673 4751 1800 4815; x_wconf 86' lang='lat' dir='ltr'>mgrum</span> 
     </span>
     <span class='ocr_line' id='line_1_38' title="bbox 245 4839 1796 4924; baseline -0.003 -18"><span class='ocrx_word' id='word_1_376' title='bbox 245 4841 536 4918; x_wconf 80' lang='lat' dir='ltr'>Strzeschkonem,</span> <span class='ocrx_word' id='word_1_377' title='bbox 566 4845 724 4924; x_wconf 87' lang='lat' dir='ltr'>Jacobum</span> <span class='ocrx_word' id='word_1_378' title='bbox 759 4844 1017 4906; x_wconf 86' lang='lat' dir='ltr'>archidiaconum</span> <span class='ocrx_word' id='word_1_379' title='bbox 1049 4844 1290 4915; x_wconf 90' lang='lat' dir='ltr'>Pczewensem‚</span> <span class='ocrx_word' id='word_1_380' title='bbox 1322 4842 1504 4922; x_wconf 88' lang='lat' dir='ltr'>Janussium</span> <span class='ocrx_word' id='word_1_381' title='bbox 1537 4841 1577 4904; x_wconf 91' lang='lat' dir='ltr'>de</span> <span class='ocrx_word' id='word_1_382' title='bbox 1611 4839 1796 4914; x_wconf 80' lang='lat' dir='ltr'>Scholoum,</span> 
     </span>
     <span class='ocr_line' id='line_1_39' title="bbox 244 4945 1800 5033; baseline -0.002 -22"><span class='ocrx_word' id='word_1_383' title='bbox 244 4949 447 5028; x_wconf 85' lang='lat' dir='ltr'>Florianum,</span> <span class='ocrx_word' id='word_1_384' title='bbox 483 4951 638 5013; x_wconf 89' lang='lat' dir='ltr'>Mathiam</span> <span class='ocrx_word' id='word_1_385' title='bbox 664 4951 840 5033; x_wconf 84' lang='lat' dir='ltr'>Cordebog</span> <span class='ocrx_word' id='word_1_386' title='bbox 869 4949 1054 5026; x_wconf 82' lang='lat' dir='ltr'>officialem,</span> <span class='ocrx_word' id='word_1_387' title='bbox 1089 4949 1264 5012; x_wconf 90' lang='lat' dir='ltr'>Hectorem</span> <span class='ocrx_word' id='word_1_388' title='bbox 1297 4949 1498 5030; x_wconf 90' lang='lat' dir='ltr'>prepositum</span> <span class='ocrx_word' id='word_1_389' title='bbox 1523 4945 1800 5019; x_wconf 81' lang='lat' dir='ltr'>Gluschinensem,</span> 
     </span>
     <span class='ocr_line' id='line_1_40' title="bbox 246 5051 1801 5137; baseline -0.001 -19"><span class='ocrx_word' id='word_1_390' title='bbox 246 5057 419 5119; x_wconf 90' lang='lat' dir='ltr'>Nicolaum</span> <span class='ocrx_word' id='word_1_391' title='bbox 442 5056 644 5131; x_wconf 90' lang='lat' dir='ltr'>Lanthman,</span> <span class='ocrx_word' id='word_1_392' title='bbox 676 5057 845 5120; x_wconf 93' lang='lat' dir='ltr'>Nicolaum</span> <span class='ocrx_word' id='word_1_393' title='bbox 875 5056 1091 5137; x_wconf 89' lang='lat' dir='ltr'>Czothczany,</span> <span class='ocrx_word' id='word_1_394' title='bbox 1124 5055 1306 5133; x_wconf 90' lang='lat' dir='ltr'>Nicolaum</span> <span class='ocrx_word' id='word_1_395' title='bbox 1326 5053 1567 5128; x_wconf 87' lang='lat' dir='ltr'>Srzemensem‚</span> <span class='ocrx_word' id='word_1_396' title='bbox 1598 5051 1801 5135; x_wconf 84' lang='lat' dir='ltr'>Slupkonem</span> 
     </span>
     <span class='ocr_line' id='line_1_41' title="bbox 246 5159 1801 5245; baseline -0.003 -19"><span class='ocrx_word' id='word_1_397' title='bbox 246 5165 288 5226; x_wconf 89' lang='lat' dir='ltr'>de</span> <span class='ocrx_word' id='word_1_398' title='bbox 312 5162 512 5228; x_wconf 90' lang='lat' dir='ltr'>Schamotuli</span> <span class='ocrx_word' id='word_1_399' title='bbox 535 5175 568 5228; x_wconf 90' lang='lat' dir='ltr'>et</span> <span class='ocrx_word' id='word_1_400' title='bbox 587 5165 768 5245; x_wconf 87' lang='lat' dir='ltr'>Johannem</span> <span class='ocrx_word' id='word_1_401' title='bbox 804 5165 947 5226; x_wconf 90' lang='lat' dir='ltr'>Furman</span> <span class='ocrx_word' id='word_1_402' title='bbox 978 5164 1121 5245; x_wconf 91' lang='lat' dir='ltr'>prelatos</span> <span class='ocrx_word' id='word_1_403' title='bbox 1153 5175 1186 5227; x_wconf 91' lang='lat' dir='ltr'>et</span> <span class='ocrx_word' id='word_1_404' title='bbox 1216 5163 1391 5225; x_wconf 90' lang='lat' dir='ltr'>canonicos</span> <span class='ocrx_word' id='word_1_405' title='bbox 1427 5163 1645 5242; x_wconf 91' lang='lat' dir='ltr'>promiserunt</span> <span class='ocrx_word' id='word_1_406' title='bbox 1664 5159 1801 5223; x_wconf 88' lang='lat' dir='ltr'>reddere</span> 
     </span>
     <span class='ocr_line' id='line_1_42' title="bbox 245 5267 1805 5353; baseline -0.004 -19"><span class='ocrx_word' id='word_1_407' title='bbox 245 5271 439 5353; x_wconf 91' lang='lat' dir='ltr'>indempnes</span> <span class='ocrx_word' id='word_1_408' title='bbox 463 5272 504 5334; x_wconf 92' lang='lat' dir='ltr'>ab</span> <span class='ocrx_word' id='word_1_409' title='bbox 528 5273 680 5335; x_wconf 92' lang='lat' dir='ltr'>omnibus</span> <span class='ocrx_word' id='word_1_410' title='bbox 703 5271 1009 5353; x_wconf 91' lang='lat' dir='ltr'>inquietacionibus,</span> <span class='ocrx_word' id='word_1_411' title='bbox 1033 5271 1059 5334; x_wconf 91' lang='lat' dir='ltr'>si</span> <span class='ocrx_word' id='word_1_412' title='bbox 1083 5291 1146 5353; x_wconf 94' lang='lat' dir='ltr'>que</span> <span class='ocrx_word' id='word_1_413' title='bbox 1170 5271 1247 5353; x_wconf 91' lang='lat' dir='ltr'>ipsis</span> <span class='ocrx_word' id='word_1_414' title='bbox 1271 5289 1291 5332; x_wconf 92' lang='lat' dir='ltr'>a</span> <span class='ocrx_word' id='word_1_415' title='bbox 1314 5269 1380 5332; x_wconf 92' lang='lat' dir='ltr'>dno</span> <span class='ocrx_word' id='word_1_416' title='bbox 1396 5269 1489 5351; x_wconf 89' lang='lat' dir='ltr'>Rege</span> <span class='ocrx_word' id='word_1_417' title='bbox 1513 5267 1646 5330; x_wconf 91' lang='lat' dir='ltr'>Polonie</span> <span class='ocrx_word' id='word_1_418' title='bbox 1671 5287 1739 5349; x_wconf 87' lang='lat' dir='ltr'>pro,</span> <span class='ocrx_word' id='word_1_419' title='bbox 1764 5267 1805 5328; x_wconf 92' lang='lat' dir='ltr'>de</span> 
     </span>
    </p>
   </div>
   <div class='ocr_carea' id='block_1_5' title="bbox 355 5533 1448 5692">
    <p class='ocr_par' dir='ltr' id='par_1_9' title="bbox 355 5533 1448 5692">
     <span class='ocr_line' id='line_1_43' title="bbox 357 5533 1276 5601; baseline 0 -15"><span class='ocrx_word' id='word_1_420' title='bbox 357 5533 376 5599; x_wconf 79' lang='lat'>¹)</span> <span class='ocrx_word' id='word_1_421' title='bbox 396 5537 429 5585; x_wconf 89' lang='lat' dir='ltr'>W</span> <span class='ocrx_word' id='word_1_422' title='bbox 447 5546 498 5586; x_wconf 88' lang='lat' dir='ltr'>tem</span> <span class='ocrx_word' id='word_1_423' title='bbox 517 5537 620 5601; x_wconf 88' lang='lat' dir='ltr'>miejscu</span> <span class='ocrx_word' id='word_1_424' title='bbox 639 5535 758 5586; x_wconf 82' lang='lat' dir='ltr'>zachodzi</span> <span class='ocrx_word' id='word_1_425' title='bbox 777 5535 956 5600; x_wconf 67' lang='lat' dir='ltr'>niewrttpliwie</span> <span class='ocrx_word' id='word_1_426' title='bbox 974 5535 1039 5585; x_wconf 82' lang='lat' dir='ltr'>brak</span> <span class='ocrx_word' id='word_1_427' title='bbox 1056 5535 1128 5585; x_wconf 78' lang='lat' dir='ltr'>lcllltu</span> <span class='ocrx_word' id='word_1_428' title='bbox 1145 5536 1276 5600; x_wconf 77' lang='lat' dir='ltr'>wyrazdw.</span> 
     </span>
     <span class='ocr_line' id='line_1_44' title="bbox 355 5622 1448 5692; baseline -0.005 -17"><span class='ocrx_word' id='word_1_429' title='bbox 355 5623 375 5692; x_wconf 80' lang='lat'>²)</span> <span class='ocrx_word' id='word_1_430' title='bbox 394 5626 450 5675; x_wconf 89' lang='lat' dir='ltr'>Ten</span> <span class='ocrx_word' id='word_1_431' title='bbox 468 5642 523 5676; x_wconf 79' lang='lat' dir='ltr'>sam</span> <span class='ocrx_word' id='word_1_432' title='bbox 541 5627 589 5676; x_wconf 74' lang='lat' dir='ltr'>list</span> <span class='ocrx_word' id='word_1_433' title='bbox 601 5643 623 5676; x_wconf 84' lang='lat' dir='ltr'><strong>w</strong></span> <span class='ocrx_word' id='word_1_434' title='bbox 642 5625 799 5676; x_wconf 85' lang='lat' dir='ltr'>doslownem</span> <span class='ocrx_word' id='word_1_435' title='bbox 818 5625 955 5674; x_wconf 79' lang='lat' dir='ltr'>bramieniu</span> <span class='ocrx_word' id='word_1_436' title='bbox 973 5624 1088 5690; x_wconf 78' lang='lat' dir='ltr'>znnjduje</span> <span class='ocrx_word' id='word_1_437' title='bbox 1107 5625 1142 5689; x_wconf 71' lang='grc' dir='ltr'>εἰς</span> <span class='ocrx_word' id='word_1_438' title='bbox 1161 5623 1233 5673; x_wconf 77' lang='lat' dir='ltr'>talrle</span> <span class='ocrx_word' id='word_1_439' title='bbox 1251 5639 1285 5672; x_wconf 81' lang='lat' dir='ltr'>ua</span> <span class='ocrx_word' id='word_1_440' title='bbox 1303 5622 1387 5672; x_wconf 77' lang='lat' dir='ltr'>kurcie</span> <span class='ocrx_word' id='word_1_441' title='bbox 1407 5632 1448 5684; x_wconf 87' lang='lat'>27.</span> 
     </span>
    </p>
   </div>
   <div class='ocr_carea' id='block_1_6' title="bbox 0 0 2234 6356">
    <p class='ocr_par' dir='ltr' id='par_1_10' title="bbox 0 0 2234 6356">
     <span class='ocr_line' id='line_1_45' title="bbox 0 0 2234 6356; baseline 0 0"><span class='ocrx_word' id='word_1_442' title='bbox 0 0 2234 6356; x_wconf 95' lang='lat' dir='ltr'> </span> 
     </span>
    </p>
   </div>
  </div>
 </body>
</html>
