4458 6356
408 571 450 632 24
911 551 1004 601 ACTA
1023 551 1185 601 CAPITULI
1204 549 1458 600 POZNANlENSlS

469 646 521 650 -—
553 645 575 649 ..-
593 645 631 650 ..—
650 645 693 650 .-—
723 644 791 649 -—-
1533 640 1907 648 -...-—.-..-—-...-.—.-——

407 778 472 838 tes,
508 765 597 846 quod
631 766 700 846 ipse
735 765 837 826 anus
869 775 962 844 pater
994 765 1075 826 dnus
1104 763 1283 827 Stanislaus
1313 764 1404 845 Epus
1435 766 1521 844 prius
1552 765 1691 844 propriis
1724 761 1908 843 sumptibus
1931 770 1964 822 et

406 871 561 952 impensis
586 891 644 951 per
667 870 821 932 nonnulla
844 881 994 952 tempora
1019 883 1105 934 stare
1130 871 1264 932 deberet
1287 871 1425 932 concilio
1449 871 1480 932 in
1505 869 1629 932 eodem.

521 975 604 1042 118.
629 978 733 1059 (lbid.)
756 978 836 1040 Item
861 979 978 1040 ibidem
1003 978 1119 1040 eodem
1143 978 1278 1040 durante
1301 977 1444 1058 capitulo
1467 977 1609 1058 generali
1626 976 1795 1057 prescripti
1819 975 1873 1037 dni
1898 995 1966 1054 pre·

406 1086 460 1146 lati
485 1096 518 1146 et
542 1085 688 1146 canonici
712 1084 892 1148 defectibus
916 1085 1067 1158 ecclesie,
1093 1085 1147 1166 qui
1171 1085 1344 1164 aliquando
1368 1087 1399 1147 in
1425 1083 1597 1146 luminibus
1622 1093 1654 1146 et
1678 1082 1747 1144 aliis
1775 1081 1963 1144 necessariis

406 1193 701 1260 committebantur,
727 1193 814 1254 Rmo
829 1241 857 1254 ..
886 1192 951 1252 dno
975 1190 1137 1254 Stanislao
1161 1191 1234 1271 Epo
1252 1191 1345 1254 Posn.
1363 1191 1529 1272 expositis,
1547 1190 1684 1252 eundem
1701 1189 1820 1251 Rmum
1838 1199 1963 1269 patrem

407 1301 506 1360 dnum
530 1299 725 1362 Stanislaum
751 1299 857 1379 Epum
882 1301 1080 1380 petiverunt,
1112 1309 1147 1361 ut
1172 1298 1316 1360 delectus
1349 1299 1484 1360 ecclesie
1509 1318 1569 1378 pro
1594 1307 1686 1378 parte
1709 1315 1767 1358 sua
1790 1294 1964 1376 suppleret,

407 1407 460 1486 qui
484 1406 567 1468 dnus
590 1405 769 1468 Stanislaus
801 1407 891 1486 Epus
923 1406 1138 1486 peticionibus
1170 1405 1328 1468 dictorum
1354 1405 1491 1467 duorum
1518 1404 1715 1484 prelatorum
1740 1415 1773 1465 et
1797 1402 1964 1464 canonico-

405 1533 474 1575 rum
499 1514 674 1575 acclinatus
699 1514 847 1574 submisit
864 1533 899 1574 se
917 1515 1113 1574 ordinacioni
1131 1513 1266 1574 ecclesie
1283 1510 1415 1584 Gnezn.,
1433 1524 1467 1575 ut
1484 1510 1756 1592 quemadmodum
1773 1507 1964 1590 supplentur

406 1620 551 1682 desectus
576 1640 632 1699 per
656 1622 755 1681 dnum
779 1619 979 1700 Archiepum
1004 1640 1064 1700 pro
1087 1618 1223 1681 ecclesia
1247 1617 1384 1691 Gnezn.,
1409 1621 1453 1681 ita
1470 1619 1550 1682 dixit
1567 1638 1603 1680 se
1621 1617 1703 1679 velle
1720 1614 1872 1698 supplere
1895 1634 1966 1676 eos-

407 1728 480 1788 dem
504 1747 564 1807 pro
588 1727 724 1790 ecclesia
748 1748 805 1790 sua
829 1727 1048 1789 Poznaniensi.
1157 1739 1165 1752 '

621 1939 662 2002 A.
693 1956 787 2019 1433,
809 1939 880 2018 Julii
903 1958 940 2018 4,
965 1939 996 2000 in
1021 1939 1165 2019 capitulo
1189 1937 1342 2021 generali.

520 2077 602 2144 119.
639 2080 673 2161 (l.
704 2081 784 2160 110).
821 2079 986 2143 Statutum
1017 2080 1057 2141 de
1090 2079 1328 2160 provisionibus
1351 2115 1394 2124 -
1418 2077 1499 2141 Item
1530 2077 1649 2140 ibidem
1673 2078 1883 2159 suprascripti
1907 2077 1962 2140 dni

407 2189 520 2270 prelati
545 2199 577 2250 et
610 2189 755 2248 canonici
786 2188 1012 2250 concluserunt
1043 2197 1076 2250 et
1107 2187 1423 2274 determinaverunt,
1458 2185 1547 2267 quod
1571 2205 1685 2248 omnes
1709 2195 1741 2248 et
1764 2185 1881 2267 singuli
1906 2185 1960 2246 dni

406 2295 521 2376 prelati
544 2309 577 2356 et
602 2297 746 2356 canonici
771 2296 973 2375 provisiones
1007 2314 1216 2376 quascunque
1248 2313 1358 2356 mense
1390 2293 1520 2374 capituli
1551 2292 1709 2354 habentes
1740 2293 1781 2354 ad
1813 2303 1963 2373 tempora

406 2405 470 2464 vite
495 2403 637 2482 ipsorum
659 2421 730 2463 cum
756 2403 820 2464 suis
854 2402 1059 2481 pertinenciis
1092 2401 1243 2462 omnibus
1275 2401 1315 2462 de
1347 2411 1455 2462 cetero
1488 2399 1645 2462 tenebunt
1677 2409 1710 2461 et
1741 2399 1963 2480 possidebunt,

406 2509 633 2580 decernentes,
670 2508 757 2589 quod
789 2510 814 2570 si
840 2509 868 2570 in
895 2521 1050 2588 quantum
1080 2507 1167 2569 bona
1191 2508 1417 2588 possesionum
1442 2509 1510 2568 sive
1534 2506 1755 2587 provisionum
1780 2526 1838 2586 per
1861 2507 1962 2568 incen-

405 2616 455 2677 dia
480 2618 614 2696 ignium,
639 2616 781 2697 ymbres,
805 2616 1004 2696 grandinem,
1022 2615 1255 2695 expediciones
1272 2603 1473 2678 exercituum*
1487 2625 1543 2676 aut
1560 2613 1783 2676 desolaciones
1799 2614 1963 2676 destructa

406 2722 537 2794 fuerint,
570 2724 601 2784 in
634 2723 692 2784 hiis
721 2723 774 2784 dni
806 2722 998 2801 capitulares
1031 2723 1238 2784 moderamen
1272 2721 1417 2784 debitum
1447 2721 1551 2783 facere
1575 2721 1733 2801 poterint,
1758 2721 1906 2802 dampnis
1930 2731 1962 2784 et

410 2829 687 2892 destruccionibus
719 2830 939 2910 provisionum
972 2839 1004 2891 et
1034 2830 1194 2892 bonorum
1225 2828 1409 2891 huiusmodi
1439 2829 1516 2890 visis
1540 2837 1573 2891 et
1596 2827 1743 2908 primitus
1766 2829 1962 2908 conspectis.

621 3021 662 3084 A.
692 3039 789 3102 1433,
810 3021 881 3103 Julii
906 3037 935 3102 7,
958 3024 990 3084 in
1014 3021 1156 3102 capitulo
1184 3022 1337 3104 generali.

518 3159 600 3226 121).
626 3163 661 3242 (Ι.
693 3163 789 3244 110⁰).
812 3162 990 3245 Suspensio
1015 3165 1146 3246 capituli
1170 3201 1213 3210 —-
1235 3165 1297 3226 Die
1321 3165 1478 3227 Martis..
1503 3185 1612 3226 vener.
1638 3176 1671 3227 et
1693 3163 1807 3228 honor.
1831 3165 1889 3226 viri
1905 3163 1959 3226 dni

407 3270 519 3351 prelati
544 3281 576 3331 et
601 3271 745 3331 canonici
769 3269 908 3351 capitula
931 3271 1133 3352 particularia
1157 3293 1200 3332 ex
1224 3272 1319 3334 certis
1336 3273 1441 3334 causis
1457 3282 1491 3335 et
1507 3272 1673 3352 signanter
1697 3281 1831 3352 propter
1854 3271 1961 3332 labo·

405 3397 472 3438 res
504 3379 702 3438 messium
728 3375 807 3438 infra
830 3376 904 3438 hinc
929 3389 961 3439 et
985 3377 1102 3440 festum
1126 3379 1157 3440 b.
1182 3378 1404 3441 Bartholomei
1429 3399 1521 3460 prox.
1546 3378 1792 3458 suspenderunt,
1817 3379 1960 3458 dempto,

404 3485 430 3545 si
454 3483 630 3545 necessitas
653 3485 853 3546 convocandi
877 3483 990 3547 iratres
1014 3495 1047 3546 et
1071 3485 1282 3547 conveniendi
1307 3497 1455 3567 tempore
1480 3487 1659 3548 occurrenti
1683 3486 1872 3548 immineret.

616 3695 658 3758 A.
687 3711 785 3774 1433,
805 3695 878 3776 Julii
906 3712 960 3773 14,
984 3697 1015 3756 in
1040 3694 1181 3776 capitulo
1207 3695 1357 3776 generali.

517 3833 599 3902 121.
624 3838 659 3916 (l.
689 3838 786 3916 110⁰).
812 3837 862 3898 De
885 3837 1005 3900 iniuriis
1028 3837 1111 3898 inter
1134 3837 1218 3898 dnos
1235 3837 1477 3900 occurrentibus
1494 3873 1534 3882 --
1553 3837 1614 3900 Die
1630 3835 1782 3900 Martis..
1806 3857 1912 3900 vener.
1928 3847 1961 3899 et

404 3944 517 4006 honor.
535 3945 588 4005 dni
604 3995 609 4006 .
626 3995 632 4006 .
659 3943 772 4024 prelati
789 3955 821 4006 et
838 3945 1024 4006 canonici..
1049 3953 1177 4006 attento
1194 3954 1226 4005 et
1243 3945 1456 4018 considerato,
1474 3944 1640 4026 quomodo
1657 3945 1739 4006 inter
1754 3943 1877 4019 fratres,
1893 3964 1961 4025 pre·

404 4052 489 4114 latos
514 4052 661 4114 videlicet
685 4063 717 4114 et
742 4052 927 4136 canonicos,
952 4051 1172 4114 controversie
1196 4060 1229 4113 et
1252 4050 1458 4132 displicencie
1481 4062 1616 4133 propter
1632 4051 1731 4113 verba
1747 4050 1962 4130 obprobriose

404 4169 437 4220 et
462 4159 695 4220 contumeliosa
727 4160 836 4238 sepius
860 4169 893 4221 et
917 4161 1025 4239 sepius
1045 4149 1245 4220 'oriebantur
1268 4158 1366 4232 adeo,
1399 4159 1488 4239 quod
1519 4179 1600 4220 unus
1631 4158 1766 4220 alterum
1790 4157 1897 4220 verbis
1921 4156 1936 4218 1
1953 4193 1962 4202 -

405 4265 498 4327 riosis
530 4275 562 4328 et
590 4267 747 4327 iniuriosis
778 4265 936 4328 honorem
970 4265 1183 4346 tangentibus
1207 4265 1382 4337 alliciebat,
1415 4265 1530 4346 quibus
1561 4265 1774 4328 incommodis
1797 4275 1831 4328 et
1854 4265 1962 4346 displi-

403 4373 520 4434 cenciis
544 4371 639 4434 finem
663 4373 830 4453 imponere
854 4384 887 4436 et
904 4375 988 4434 viam
1005 4371 1193 4454 precludere
1212 4371 1361 4435 volentes
1378 4372 1589 4436 decreverunt
1606 4383 1638 4435 et
1655 4372 1960 4446 determinaverunt,

403 4479 490 4560 quod
522 4480 702 4560 quicunque
735 4500 778 4540 ex
809 4479 941 4561 prelatis
973 4499 1029 4540 seu
1062 4479 1225 4540 canonicis
1259 4478 1396 4559 aliquem
1421 4499 1464 4540 ex
1485 4478 1635 4542 fratribus
1659 4479 1700 4542 de
1723 4489 1832 4542 cetero
1855 4479 1962 4540 verbis

402 4587 560 4648 iniuriosis
584 4606 640 4648 seu
664 4587 907 4649 contumeliosis
936 4586 1094 4647 honorem
1122 4585 1331 4666 tangentibus
1363 4586 1513 4658 affecerit,
1536 4595 1650 4648 contra
1673 4586 1771 4648 talem
1796 4585 1837 4647 ad
1860 4605 1963 4666 penas

401 4703 597 4755 statutorum
622 4703 655 4755 et
678 4695 908 4756 execucionem
932 4693 1110 4756 eorundem
1135 4715 1193 4774 per
1217 4694 1300 4755 dnos
1325 4695 1364 4755 de
1388 4695 1530 4774 capitulo
1555 4694 1758 4776 procedetur.

620 4903 664 4966 A.
695 4921 793 4984 1433,
814 4903 886 4984 Julii
914 4919 961 4984 17,
985 4905 1015 4966 in
1040 4903 1182 4987 capitulo
1207 4904 1359 4986 generali.

513 5041 598 5110 122.
626 5046 660 5128 (l.
693 5049 771 5126 111).
806 5045 868 5108 Die
891 5046 1030 5108 Veneris
1053 5045 1121 5109 XV
1145 5047 1183 5128 (s)
1204 5046 1314 5127 Julii..
1346 5067 1453 5110 vener.
1479 5047 1537 5110 viri
1561 5047 1615 5109 dni
1635 5047 1800 5127 lohannes
1823 5049 1958 5111 vicarius

402 5153 432 5212 in
458 5149 682 5232 Spiritualibus
706 5173 815 5234 gener.
841 5163 874 5216 et
898 5152 1049 5216 Clemens
1074 5153 1217 5216 ollicialis
1248 5153 1344 5217 Pozn.
1378 5155 1680 5235 questionibus
1712 5155 1958 5217 criminosis

402 5279 461 5339 per
483 5257 598 5324 honor.
623 5261 726 5322 virum
750 5260 849 5322 dulim
873 5260 1028 5323 Mathiam
1053 5260 1093 5322 de
1126 5260 1306 5342 Chlapowo
1330 5283 1445 5324 canon.
1471 5261 1568 5324 Pozn.
1594 5281 1703 5324 coram
1720 5311 1748 5325 ..
1771 5261 1843 5324 dnis
1866 5261 1958 5323 Pred-

401 5367 501 5448 vogio
525 5368 566 5428 de
590 5365 711 5429 Grandi
735 5367 902 5449 preposito
927 5365 1065 5441 Gnezn.,
1090 5367 1227 5429 Nicolao
1244 5368 1426 5442 scolastic0,
1452 5367 1595 5432 Hectore
1619 5369 1788 5451 preposito
1812 5367 1957 5432 Gluschi·

400 5475 507 5548 nensi,
540 5477 635 5537 Petro
660 5473 841 5556 Nowyecz,
874 5472 1010 5536 Nicolao
1034 5473 1219 5536 Lanthman
1244 5485 1277 5536 et
1300 5475 1421 5538 Mathia
1446 5475 1486 5538 de
1510 5475 1674 5539 Tarnowo
1699 5477 1831 5557 prelatis
1855 5486 1888 5539 et
1911 5496 1959 5537 ca·

401 5593 434 5645 et
458 5581 621 5644 canonicis
645 5581 864 5662 capitulariter
887 5583 1138 5662 congregatis..
1164 5582 1242 5661 ipsis
1266 5583 1296 5642 in
1322 5583 1428 5644 medio
1452 5584 1584 5664 capituli
1608 5584 1759 5658 obiectis,
1783 5583 1900 5646 auditis
1924 5593 1957 5645 et
