4390 6368
923 578 1013 630 ANNI
1032 575 1110 632 11106.
1277 591 1280 598 ’
1737 584 1797 662 187

1073 671 1798 681 mmm—.-

447 791 491 854 A.
522 791 714 873 1505,11111
744 793 798 874 16,
822 793 854 855 in
878 793 1020 875 capitulo
1044 793 1195 875 generali.

347 929 434 998 983.
460 933 545 1016 (VII.
570 936 612 1014 4).
646 934 770 996 Ibidem
802 955 913 998 coram
937 935 1070 1015 prefatis
1104 936 1175 998 dnis
1200 937 1424 1017 capitulariter
1458 937 1666 1018 congregatis
1690 959 1797 1002 vener.

239 1043 322 1103 dnus
344 1041 502 1104 Albertus
526 1039 659 1122 Gorsky
694 1041 903 1104 cancellarius
933 1042 1070 1104 ecclesie
1103 1041 1242 1104 Poznan.
1269 1053 1302 1104 et
1327 1041 1366 1104 R.
1393 1043 1469 1105 Mtis
1493 1046 1684 1106 secretarius
1709 1067 1800 1126 repo·

239 1151 301 1212 suit
325 1149 528 1230 privilegium
560 1147 812 1211 confirmationis
848 1147 952 1230 Regie
978 1169 1075 1230 super
1100 1151 1168 1211 iura
1200 1160 1233 1212 et
1265 1151 1463 1211 munimenta
1499 1149 1634 1212 ecclesie
1658 1150 1798 1215 Poznan.

237 1257 402 1318 decretum
426 1276 464 1318 ac
488 1256 610 1319 litteras
635 1256 783 1335 papireas
808 1254 849 1317 ad
873 1257 1062 1336 capitaneos
1102 1257 1271 1338 generales
1302 1257 1434 1319 Maioris
1458 1255 1592 1319 Polonie
1615 1278 1675 1338 pro
1700 1261 1799 1340 pisca·

238 1375 309 1426 tura
333 1383 391 1444 per
414 1361 563 1424 homines
588 1363 724 1424 ecclesie
748 1364 778 1424 11
803 1361 899 1424 fluvio
923 1361 1060 1424 Wartha
1084 1362 1183 1425 libere
1208 1363 1406 1438 exercenda,
1432 1384 1512 1445 quas
1537 1365 1659 1428 litteras
1683 1385 1797 1428 omnes

237 1471 370 1534 donavit
393 1470 477 1543 (1115,
502 1479 535 1532 01
558 1469 761 1532 confirmatio
785 1469 959 1550 regestrari
982 1489 1042 1550 per
1065 1489 1117 1531 me
1141 1471 1323 1533 commissa.

449 1663 491 1728 A.
520 1677 617 1743 1505,
642 1662 709 1725 Iulii
735 1680 772 1725 21
796 1713 803 1744 ‚
827 1663 858 1725 in
884 1662 1026 1745 capitulo
1049 1664 1201 1746 generali.

344 1801 432 1871 984.
456 1802 538 1887 (VII.
563 1803 618 1888 4⁰).
653 1804 777 1866 Ibidem
813 1806 1050 1868 constituerunt
1085 1804 1205 1868 honor.
1231 1805 1330 1868 dnum
1367 1805 1544 1869 Iohannem
1568 1807 1798 1892 Tharnowsky

236 1913 411 1996 plebanum
435 1915 467 1975 in
491 1912 605 1992 Pizdry
629 1922 815 1994 presentem
840 1922 873 1974 et
896 1922 1124 1992 acceptantem
1149 1915 1180 1974 in
1204 1933 1316 1976 eorum
1335 1903 1441 1977 causis
1465 1915 1646 1978 iudicio
1661 1935 1692 1977 m
1716 1927 1798 1978 ter-

237 2031 394 2084 restre
433 2020 704 2083 concernentibus
744 2020 991 2102 quibuscunque
1023 2021 1172 2102 personis
1208 2023 1308 2084 motis
1343 2031 1377 2084 et
1411 2023 1582 2085 movendis
1618 2033 1650 2086 et
1684 2033 1798 2085 contra

237 2149 447 2212 quascunque
482 2148 640 2210 personas
674 2147 783 2190 coram
809 2127 965 2190 iudicibus
1000 2128 1209 2192 terrestribus
1245 2129 1396 2191 omnibus
1419 2139 1452 2191 et
1476 2130 1609 2211 singulis
1633 2131 1796 2212 agendum

234 2246 268 2300 et
291 2237 381 2317 ipsos
406 2235 489 2298 dnos
513 2235 775 2298 constituendum
812 2255 990 2316 eorumque
1015 2235 1169 2298 iustitiam
1205 2235 1441 2298 defendendum
1466 2246 1528 2299 ete.
1554 2239 1586 2298 in
1609 2248 1796 2317 procurato-

235 2363 303 2406 rem
326 2363 364 2406 ac
387 2341 545 2405 sindicum
569 2343 743 2424 specialem
768 2352 801 2405 et
824 2343 1019 2423 generalem,
1054 2344 1282 2424 promittentes
1308 2344 1348 2404 de
1371 2354 1442 2406 rato
1467 2354 1528 2406 etc.
1554 2365 1692 2425 eumque
1716 2344 1796 2406 sala-

234 2451 305 2513 riari
330 2451 419 2512 iuxta
441 2449 543 2531 ipsius
566 2448 768 2530 diligenciam
794 2449 910 2530 fatigas
934 2459 967 2510 et
991 2469 1124 2531 operas,
1148 2450 1204 2526 ita,
1229 2450 1318 2531 quod
1342 2451 1402 2513 erit
1426 2459 1607 2514 contentus.

345 2587 572 2674 985.(1bid.).
609 2589 692 2652 Item
717 2591 955 2672 deputaverunt
977 2591 1076 2652 dnum
1107 2591 1316 2655 Laurentium
1353 2590 1573 2674 Grodziczsky
1605 2593 1796 2655 canonicum

233 2697 351 2760 iturum
375 2697 415 2760 ad
439 2698 603 2760 civitatem
637 2717 696 2777 pro
732 2697 877 2760 emendis
913 2697 1067 2760 lateribus
1099 2697 1139 2760 ad
1174 2718 1282 2760 muros
1316 2701 1345 2760 in
1372 2719 1499 2762 summo
1536 2700 1685 2780 inceptos
1709 2699 1796 2780 apud

233 2803 439 2867 consulatum
462 2804 727 2867 Poznaniensem.

345 2941 431 3012 986.
456 2947 566 3028 (111111).
590 2947 672 3009 Item
697 2945 900 3009 donaverunt
925 2946 1020 3009 michi
1044 2949 1170 3010 notario
1194 2948 1222 3010 Π
1246 2967 1371 3010 1111015
1394 2967 1455 3029 pro
1480 2950 1703 3012 numeratione
1719 2949 1793 3010 assi·

235 3053 298 3116 dua
322 3064 355 3117 et
378 3055 618 3135 conscriptione
643 3055 683 3116 ad
708 3063 853 3136 regestra
877 3055 1086 3138 pecuniarum
1111 3055 1283 3118 iubilei
1307 3075 1366 3136 per
1389 3075 1441 3117 me
1464 3054 1566 3118 factis

448 3264 490 3327 A.
520 3279 618 3346 1505,
642 3264 786 3347 Augusti
810 3267 845 3340 6,
870 3267 901 3327 in
926 3265 1069 3347 capitulo
1094 3265 1244 3348 generali.

340 3404 427 3472 987.
453 3407 534 3490 (Vll.
560 3407 597 3489 5).
632 3408 755 3470 Ibidem
780 3407 884 3470 Rmus
908 3409 990 3470 dnus
1017 3408 1178 3472 Iohannes
1215 3409 1410 3490 Lubransky
1434 3409 1526 3490 Epus
1550 3428 1612 3470 una
1636 3428 1709 3470 cum
1732 3429 1792 3471 suo

231 3513 375 3595 capitulo
399 3514 430 3576 id
454 3514 632 3578 ratificante
656 3514 859 3577 donaverunt
884 3526 1044 3598 perpetuo
1071 3517 1119 3578 ius
1143 3526 1338 3597 patronatus
1362 3526 1395 3579 et
1421 3515 1608 3578 conferendi
1624 3515 1791 3577 canonica-

229 3631 282 3684 tus
306 3631 339 3683 et
364 3621 529 3702 prebende
563 3625 594 3684 in
629 3623 766 3685 ecclesia
801 3623 950 3695 Poznan.,
988 3644 1072 3704 quos
1108 3625 1140 3685 in
1176 3627 1415 3705 presentiarum
1451 3643 1560 3686 vener.
1592 3623 1674 3684 dnus
1697 3622 1791 3684 Felix

230 3728 473 3808 Drzewyczslry
506 3730 681 3791 canonicus
710 3728 850 3792 Poznan.
874 3730 1012 3804 01111101,
1038 3729 1117 3792 Smo
1141 3731 1278 3813 principi
1302 3732 1367 3792 dno
1392 3730 1586 3793 Alexandro
1610 3729 1640 3792 d.
1666 3749 1697 3810 g.
1723 3731 1791 3810 regi

229 3836 363 3898 Polonie
387 3845 419 3898 et
443 3837 508 3897 suis
532 3837 774 3899 successoribus
797 3837 928 3918 regibus
953 3840 984 3899 in
1010 3858 1257 3919 recompensam
1281 3849 1315 3900 et
1339 3838 1590 3900 vicissitudinem
1607 3836 1790 3898 donationis

229 3943 304 4005 iuris
327 3952 518 4024 patronatus
554 3943 689 4005 ecclesie
725 3945 937 4026 parrochialis
966 3947 997 4006 in
1021 3946 1233 4008 lllsczonowo
1268 3945 1392 4026 oppido
1427 3945 1517 4024 regio
1541 3943 1680 4004 Poznan.
1706 3944 1789 4005 dioc.

227 4069 335 4111 vener.
361 4051 502 4131 capitulo
527 4053 665 4113 Poznan.
691 4053 722 4112 in
746 4062 943 4132 perpetuum
980 4073 1062 4134 pure
1087 4062 1223 4134 propter
1246 4051 1352 4112 Deum
1376 4071 1434 4132 per
1457 4069 1547 4112 suam
1571 4050 1674 4112 bitem
1698 4049 1790 4122 11010,

228 4177 327 4237 super
362 4177 427 4238 qua
462 4157 638 4219 donatione
674 4158 751 4221 Mus
779 4157 821 4221 R.
846 4159 1047 4240 privilegium
1083 4159 1143 4221 sub
1179 4159 1285 4240 sigillo
1321 4179 1378 4220 sue
1412 4159 1489 4220 Mtis
1524 4157 1555 4218 in
1590 4177 1790 4239 pergameno

228 4264 349 4343 scripte
365 4263 403 4344 15)
420 4263 482 4324 iam
507 4264 659 4344 expedite
677 4274 753 4326 sunt
777 4285 834 4344 per
857 4285 964 4328 vener.
984 4266 1082 4327 dnum
1099 4265 1274 4328 Albertum
1293 4263 1424 4346 Gorsky
1441 4263 1665 4325 cancellarium
1690 4264 1790 4326 eccle·

230 4371 279 4432 sie
304 4369 444 4433 Poznan.
470 4381 503 4433 et
527 4371 612 4434 dicte
635 4371 712 4433 Mtis
738 4376 945 4435 secretarium
978 4394 1036 4454 per
1060 4371 1237 4454 capitulum
1269 4373 1310 4434 ab
1333 4375 1406 4453 lpso
1430 4371 1496 4432 dno
1521 4371 1694 4433 secretario
1718 4392 1791 4434 exe-

228 4477 361 4554 mende;
396 4498 494 4558 super
518 4499 581 4559 qua
609 4478 786 4541 donatione
810 4500 869 4560 per
893 4480 1038 4562 prefatos
1063 4480 1146 4542 dnos
1169 4480 1276 4562 Epum
1301 4490 1334 4542 et
1357 4479 1532 4560 capitulum
1557 4477 1641 4540 facta
1666 4478 1789 4541 litteras

226 4605 288 4665 pro
313 4585 381 4647 Mte
405 4585 445 4648 R.
471 4587 669 4647 necessarias
693 4586 753 4647 sub
778 4606 891 4649 eorum
915 4587 1026 4676 sigillis
1050 4587 1262 4650 decreverunt
1287 4587 1318 4648 in
1342 4585 1444 4648 forma
1468 4585 1591 4647 meliori
1615 4605 1673 4664 per
1688 4585 1787 4647 dnum

229 4689 386 4772 Cotwycz
421 4690 681 4754 archidiaconum
720 4692 838 4755 ibidem
865 4693 908 4756 ob
933 4693 964 4755 id
989 4695 1142 4756 instantia
1177 4693 1313 4755 dnorum
1350 4695 1490 4773 petitum
1515 4691 1731 4754 conficiendas
1755 4703 1789 4754 et

227 4797 366 4870 dandas,
392 4809 488 4878 prout
511 4801 541 4860 in
567 4811 713 4880 regestro
738 4801 920 4863 insertionis
945 4801 1185 4882 privilegiorum
1210 4800 1340 4881 capituli
1367 4799 1598 4861 continebitur.

337 4937 425 5004 988.
447 4939 556 5022 (111111).
594 4941 675 5003 Item
701 4943 832 5022 insuper
867 4941 982 5022 prefati
1017 4943 1070 5004 dni
1106 4943 1310 5004 vicemunere
1341 4950 1374 5002 et
1401 4939 1788 5021 semirecompensatione

226 5047 352 5108 ratione
387 5046 569 5109 donationis
592 5049 667 5109 iuris
692 5059 883 5129 patronatus
918 5049 1053 5111 ecclesie
1078 5049 1109 5110 in
1133 5049 1344 5110 Msczonowo
1385 5069 1444 5128 per
1475 5046 1638 5129 prelatum
1674 5045 1787 5109 Smum

226 5153 326 5215 dnum
361 5173 472 5233 regem
507 5151 730 5216 Alexandrum
765 5155 909 5237 capitulo
945 5155 1028 5217 facte
1053 5156 1259 5218 instituerunt
1297 5174 1396 5216 unum
1420 5155 1673 5216 anniversarium
1697 5163 1789 5216 certo

226 5260 277 5321 die
301 5268 377 5320 ante
401 5259 642 5323 conclusionem
677 5263 808 5342 capituli
833 5261 1000 5342 profesto
1029 5262 1059 5324 b.
1084 5261 1170 5324 Petri
1193 5271 1227 5323 et
1251 5261 1339 5323 Pauli
1372 5261 1502 5323 tenendi
1541 5259 1705 5342 generalis
1729 5260 1790 5322 sin-

226 5367 310 5448 gulis
333 5367 425 5428 annis
449 5387 508 5446 pro
534 5369 675 5448 peccatis
700 5369 730 5429 in
754 5369 820 5430 vita
845 5389 901 5431 sue
921 5369 1008 5441 Mtis,
1034 5379 1110 5448 post
1135 5369 1258 5431 obitum
1275 5389 1354 5430 vero
1371 5369 1471 5450 ipsius
1488 5389 1549 5449 pro
1565 5367 1669 5430 salute
1685 5366 1791 5428 anime

226 5493 283 5536 sue
309 5473 510 5554 temporibus
529 5475 679 5538 eviternis
697 5496 785 5537 more
810 5477 945 5538 aliorum
962 5477 1254 5538 anniversariorum
1274 5477 1305 5537 in
1322 5477 1456 5538 ecclesia
1473 5475 1612 5538 Poznan.
1632 5495 1690 5556 per
1706 5473 1789 5538 dnos

224 5580 371 5662 prelatos
394 5591 427 5645 et
451 5584 629 5646 canonicos
652 5583 854 5664 explendum
878 5595 911 5646 et
935 5583 1175 5666 perficiendum.
