4458 6356
393 591 430 651 16
892 586 984 636 acan
1003 585 1165 636 ceptrum
1187 583 1439 635 cozunmansrs

384 797 479 862 Pozn.
503 799 747 880 responderent,
770 819 789 858 a
814 796 974 858 mandatis
999 796 1187 876 apostolicis
1218 816 1283 858 non
1304 795 1502 870 recedentes
1526 815 1586 876 pro
1610 795 1819 876 possessione
1850 795 1940 858 cuius

383 905 543 985 prelatum
578 905 686 967 Rdum
718 913 844 984 patrem
873 901 1068 966 Stanislaum
1101 901 1208 983 Epum
1232 922 1269 964 ac
1293 901 1398 966 dictos
1429 901 1511 964 dnos
1535 901 1679 982 prelatos
1701 911 1735 964 et
1759 902 1935 964 canonicos

384 1013 496 1094 vigore
520 1012 696 1075 litterarum
720 1010 972 1091 apostolicarum
996 1020 1029 1072 et
1045 1029 1255 1090 processuum
1277 1018 1445 1071 monuerat
1469 1019 1502 1071 et
1527 1009 1768 1089 possessionem
1794 1009 1938 1072 eiusdem

385 1121 587 1200 prepositure
619 1118 680 1180 sibi
712 1118 869 1200 assignari
893 1117 1018 1198 petivit.
1052 1114 1246 1196 Quiquidem
1278 1114 1361 1178 dnus
1393 1113 1571 1178 Stanislaus
1609 1115 1700 1196 Epus
1723 1135 1763 1178 ac
1786 1115 1862 1178 dicti
1886 1114 1940 1176 dni

382 1235 579 1292 asserentes,
605 1224 773 1306 quomodo
797 1224 879 1285 dnus
903 1222 977 1284 Rex
1000 1221 1137 1284 inhibuit
1160 1241 1218 1302 per
1241 1241 1315 1284 suas
1338 1231 1443 1285 certas
1467 1221 1605 1294 litteras,
1631 1242 1711 1303 quas
1734 1221 1776 1284 ad
1799 1222 1941 1284 medium

382 1330 512 1412 capituli
537 1331 769 1411 produxerunt,
794 1349 834 1391 ne
858 1331 972 1410 cuique
996 1329 1056 1391 nisi
1080 1327 1121 1390 de
1144 1329 1226 1390 scitu
1249 1347 1309 1390 suo
1333 1328 1374 1390 de
1398 1329 1608 1409 possessione
1630 1328 1773 1392 eiusdem
1797 1329 1940 1410 preposi-

384 1449 454 1501 ture
478 1437 722 1518 responderent,
746 1455 937 1516 responsum
962 1435 1038 1498 dare
1055 1455 1120 1497 non
1136 1435 1290 1508 valentes„
1315 1435 1485 1498 terminum
1509 1456 1606 1519 super
1625 1436 1861 1500 deliberacione
1877 1455 1942 1497 me·

383 1543 452 1606 liori
476 1553 509 1606 et
533 1543 573 1605 de
597 1545 663 1605 iure
687 1563 743 1604 seu
767 1542 892 1604 indulto
924 1540 978 1603 dni
1010 1541 1113 1623 Regis
1144 1542 1283 1622 experiri
1319 1541 1468 1606 volentes
1499 1542 1539 1605 de
1562 1563 1723 1606 consensu
1758 1543 1859 1624 ipsius
1883 1540 1937 1603 dni

377 1651 508 1730 Jarandi
531 1651 571 1712 ad
595 1650 771 1732 capitulum
796 1649 947 1731 generale
971 1650 1155 1730 proximum
1179 1649 1426 1730 suspenderunt,
1450 1669 1516 1712 non
1540 1660 1650 1713 tamen
1674 1670 1740 1732 quo
1756 1650 1797 1712 ad
1815 1648 1938 1712 litteras

382 1757 580 1839 apostolicas
604 1767 660 1818 aut
684 1757 816 1837 quosvis
840 1775 1012 1837 processus
1043 1755 1254 1836 apostolicos.
1295 1755 1338 1818 Et
1361 1755 1480 1818 ibidem
1503 1776 1611 1820 vener.
1635 1757 1717 1820 dnus
1740 1755 1940 1836 Predvogius

383 1866 567 1947 prepositus
590 1862 712 1926 Gnezn.
737 1865 874 1926 vicarius
897 1863 929 1924 in
952 1861 1114 1944 Spiritual.
1147 1863 1243 1924 Pozn.
1268 1863 1409 1926 sindicus
1433 1862 1487 1925 dni
1518 1863 1582 1944 Epi
1605 1873 1639 1928 et
1662 1863 1795 1945 capituli
1818 1863 1939 1925 ibidem

383 1971 579 2036 constitutus
603 1971 644 2032 ad
668 1981 777 2032 actum
801 1981 986 2052 presentem
1009 1979 1210 2051 protestatus
1242 1981 1304 2042 est,
1336 1970 1423 2051 quod
1447 1990 1506 2050 per
1530 1980 1715 2052 presentem
1738 1980 1848 2034 actum
1871 1971 1939 2033 sive

382 2078 479 2140 alium
503 2077 642 2140 fiendum
667 2077 798 2139 nomine
820 2077 883 2158 Epi
907 2087 942 2140 et
957 2077 1089 2158 capituli
1104 2095 1123 2138 a
1140 2076 1301 2139 mandatis
1317 2077 1506 2158 apostolicis
1523 2097 1588 2140 non
1605 2077 1742 2152 recedit,
1766 2077 1938 2160 allegabat,

382 2185 547 2267 quomodo
572 2184 654 2248 dnus
671 2184 745 2246 Rex
769 2184 856 2247 venit
879 2204 939 2264 pro
962 2184 1119 2246 interesse
1143 2203 1211 2256 suo,
1237 2182 1347 2246 dicens
1371 2184 1430 2246 sibi
1455 2185 1503 2247 ius
1527 2185 1734 2266 presentandi
1757 2183 1799 2246 ad
1822 2204 1936 2266 prepo-

383 2293 514 2354 situram
538 2291 675 2353 eandem
698 2312 717 2353 a
740 2289 824 2353 Sede
849 2288 1044 2372 Apostolica
1067 2310 1139 2354 esse
1163 2309 1371 2364 concessum,
1407 2290 1654 2373 propterquod
1678 2301 1712 2354 et
1735 2303 1856 2354 metum
1880 2290 1935 2353 dni

383 2398 484 2480 Regis
509 2399 569 2479 ipsi
592 2397 658 2460 dno
682 2397 766 2479 Regi
799 2407 964 2478 tamquam
996 2418 1056 2478 pro
1081 2399 1148 2460 iure
1172 2407 1205 2460 et
1229 2398 1385 2462 interesse
1417 2419 1475 2461 suo
1508 2409 1541 2463 et
1571 2398 1673 2461 eciam
1703 2399 1769 2460 dno
1797 2396 1936 2478 jarando

382 2507 553 2568 terminum
580 2504 621 2566 ad
644 2504 820 2585 capitulum
844 2525 952 2586 gener.
976 2505 1169 2586 assignavit,
1202 2504 1233 2565 in
1257 2524 1321 2586 quo
1345 2505 1427 2568 dnus
1458 2505 1533 2568 Rex
1556 2515 1589 2568 et
1612 2504 1695 2568 dnus
1714 2505 1872 2584 Jarandus
1896 2504 1936 2566 de

381 2613 500 2674 iuribus
523 2613 589 2674 suis
612 2611 784 2676 docebunt.
819 2612 931 2674 Eciam
954 2611 1036 2674 dnus
1061 2611 1268 2692 Predvogius,
1300 2622 1490 2693 procurator
1514 2612 1569 2694 qui
1591 2631 1697 2694 supra,
1722 2612 1754 2673 in
1778 2623 1934 2693 quantum

381 2719 463 2782 dnus
482 2718 639 2799 Jarandus
663 2720 695 2780 in
721 2719 842 2782 dictum
868 2719 1039 2782 terminum
1056 2721 1240 2782 consentire
1259 2719 1372 2790 nollet,
1396 2719 1574 2801 appellavit
1590 2719 1707 2796 verbo;
1730 2718 1835 2782 dictus
1859 2739 1937 2781 vero

380 2825 631 2905 dnusJarandus
655 2825 703 2889 his
726 2826 842 2890 auditis
866 2825 1016 2889 effectum
1040 2844 1250 2908 processuum
1274 2825 1315 2888 ad
1339 2827 1511 2889 terminum
1535 2827 1788 2909 suprascriptum
1804 2845 1935 2907 suspen·

382 2931 444 3010 dit,
471 2932 590 2996 iuribus
614 2943 724 2996 tamen
747 2933 813 2996 suis
837 2931 942 2996 salvis.

491 3070 550 3139 78.
587 3075 691 3156 (ibid.)
726 3075 808 3138 Item
842 3075 962 3138 ibidem
994 3095 1102 3140 vener.
1126 3077 1181 3138 vir.
1206 3074 1287 3137 dnus
1318 3073 1358 3136 N.
1382 3073 1423 3136 de
1447 3071 1560 3138 Gorlra
1593 3073 1802 3137 cancellarius
1837 3073 1934 3136 Pozn.

386 3192 554 3263 tamquam
589 3193 779 3262 procurator
810 3194 842 3246 et
870 3181 973 3244 factor
1001 3192 1034 3245 et
1058 3183 1198 3245 director
1230 3181 1439 3263 negociorum
1471 3201 1578 3247 vener.
1604 3183 1687 3262 mgri
1713 3179 1938 3262 Wysschothe

382 3289 423 3352 de
446 3287 557 3351 Gorlra
581 3291 722 3352 cantoris
747 3288 845 3351 Pozn.
870 3299 903 3352 et
926 3289 1057 3351 nomine
1092 3290 1315 3369 procuratorio
1338 3287 1490 3350 omnibus
1524 3286 1708 3351 melioribus
1740 3288 1851 3374 mod0,
1875 3289 1937 3368 via,

382 3395 484 3458 forma
520 3407 580 3458 etc.
616 3407 735 3477 sponte
767 3396 866 3458 libere
903 3395 1051 3476 promisit
1082 3415 1142 3476 pro
1166 3395 1283 3456 eodem
1318 3413 1413 3476 mgro
1449 3393 1671 3474 Wysschotha
1694 3404 1728 3458 et
1751 3415 1786 3458 se
1810 3394 1850 3456 ad
1874 3393 1936 3455 hoc

382 3501 600 3566 fideiussorem
624 3505 734 3585 posuit
757 3503 982 3585 principalem,
1008 3503 1095 3584 quod
1119 3500 1283 3583 predictus
1307 3521 1388 3582 mgr.
1413 3499 1636 3581 Wysschotha
1652 3512 1775 3576 cantor,
1792 3501 1893 3564 eciam
1910 3501 1936 3563 si

381 3610 423 3673 ad
446 3610 571 3673 alcioris
595 3610 761 3692 dignitatis
785 3611 920 3692 gradum
944 3611 975 3672 in
992 3610 1106 3672 eadem
1130 3609 1267 3672 ecclesia
1287 3619 1543 3690 promoveretur,
1560 3607 1684 3671 tenebit
1700 3619 1733 3672 et
1748 3607 1937 3671 observabit

381 3717 634 3798 adequacionem
671 3716 899 3780 beneficiorum
936 3719 1026 3782 iuxta
1059 3727 1217 3781 statutum
1249 3736 1307 3796 per
1337 3714 1455 3778 Sedem
1487 3714 1628 3795 apostol.
1653 3713 1880 3778 confirmatum
1903 3724 1937 3777 et

383 3825 470 3905 quod
501 3825 606 3887 eidem
637 3835 760 3888 statuto
796 3845 960 3906 nunquam
992 3845 1049 3906 per
1072 3845 1108 3886 se
1132 3823 1184 3886 vel
1207 3823 1304 3886 alium
1336 3823 1456 3885 directe
1487 3821 1539 3884 vel
1563 3822 1717 3885 indirecte
1740 3841 1797 3884 seu
1821 3821 1936 3902 quovis

380 3931 507 4012 quesito
531 3931 640 3994 colore
664 3952 699 3994 se
723 3943 882 4013 opponet,
905 3953 1008 4014 neque
1032 3931 1195 4023 impediet,
1219 3950 1324 4012 neque
1348 3948 1479 3992 causam
1503 3929 1725 4009 impedimenti
1741 3929 1841 4003 dabit,
1866 3949 1936 4010 sug-

360 4048 474 4118 geret
498 4049 553 4101 aut
576 4039 800 4102 subordinabit
823 4040 883 4102 sub
908 4039 1000 4120 penis
1025 4040 1055 4100 in
1081 4048 1205 4102 statuto
1230 4037 1392 4100 contentis
1417 4046 1478 4099 etc.

593 4258 635 4321 A.
666 4275 766 4337 1432,
790 4257 992 4340 Septembris
1020 4275 1073 4334 11,
1100 4259 1132 4320 in
1156 4256 1310 4338 capitulo.

490 4421 549 4490 79.
586 4425 620 4507 (Ι.
648 4425 718 4506 84⁰)
742 4473 771 4488 ..
807 4423 900 4486 Rdus
924 4473 953 4487 ..
979 4425 1061 4488 dnus
1085 4424 1118 4489 S.
1143 4425 1235 4507 Epus
1270 4425 1366 4488 Pozn.
1392 4444 1519 4488 necnon
1554 4445 1661 4488 vener.
1685 4435 1718 4488 et
1741 4425 1856 4487 honor.
1881 4423 1935 4486 dni

380 4533 495 4614 prelati
518 4544 551 4596 et
574 4533 721 4594 canonici
744 4531 881 4595 ecclesie
905 4532 1004 4614 ipsius
1027 4533 1177 4596 videlicet
1201 4533 1233 4595 P.
1258 4535 1299 4596 de
1322 4531 1444 4596 Grandi
1468 4533 1655 4613 prepositus
1679 4530 1811 4603 Gnezn,
1836 4531 1877 4594 N.
1895 4531 1936 4594 de

380 4638 597 4702 Glambocecz
621 4637 873 4714 archidiaconus,
897 4639 938 4702 N.
963 4639 1004 4702 de
1027 4637 1136 4702 Gorca
1160 4641 1376 4715 cancellarius
1401 4639 1517 4702 Petrus
1541 4639 1717 4721 Hungarus
1740 4637 1936 4701 archidiaco-

381 4766 441 4808 nus
463 4745 676 4818 Srzemensis,
701 4745 825 4809 Hector
842 4747 1027 4828 prepositus
1043 4745 1299 4821 Gluschinensis,
1320 4747 1484 4826 lanussius
1501 4747 1542 4810 de
1557 4746 1740 4820 Scholowo,
1765 4745 1934 4808 Florianus

380 4853 420 4914 de
443 4851 638 4932 Poklathlry,
658 4852 822 4932 Johannes
846 4853 886 4916 de
910 4853 1098 4929 Drzevicza,
1130 4853 1289 4918 Albertus
1312 4855 1391 4917 alias
1415 4854 1600 4940 Woythko‚
1625 4853 1738 4918 Petrus
1762 4853 1933 4925 Kelbassa,

379 4959 519 5023 Mathias
542 4959 583 5021 de
607 4958 803 5040 Chlapowo,
840 4959 992 5024 Andreas
1027 4961 1220 5043 Zirkowsky
1252 4973 1284 5024 et
1307 4961 1473 5042 Philippus
1508 4961 1689 5025 Czeczurad
1720 4961 1866 5024 canonici
1888 4981 1934 5022 re·

379 5067 486 5149 quisiti
509 5087 568 5148 per
590 5077 714 5130 certum
738 5067 1008 5130 subexecutorem
1032 5070 1145 5150 vigore
1169 5069 1347 5132 litterarum
1370 5070 1511 5151 apostol.
1537 5089 1634 5150 super
1657 5069 1933 5150 prepositura

378 5175 556 5238 Poznan.
582 5186 659 5256 post
683 5185 823 5238 mortem
847 5175 933 5236 bone
958 5177 1111 5237 memorie
1135 5177 1190 5238 dni
1209 5176 1446 5256 Jastrzambecz
1477 5187 1667 5262 vacantem,
1698 5177 1850 5259 quatinus
1872 5175 1934 5256 ipsi

379 5300 473 5363 mgro
498 5281 549 5344 W.
575 5283 615 5344 de
638 5284 848 5362 possessione
872 5282 1014 5345 eiusdem
1039 5285 1243 5365 prepositure
1266 5285 1502 5366 responderent
1525 5285 1615 5347 iuxta
1638 5295 1787 5346 tenorem
1803 5302 1934 5364 proces·

380 5408 443 5462 sus,
467 5389 603 5470 visoque
627 5389 742 5451 eodem
767 5410 965 5470 processu..
991 5390 1190 5456 admiserunt
1215 5411 1342 5473 mgrum
1375 5391 1575 5454 Wissotham
1599 5391 1640 5453 de
1664 5388 1772 5452 Gorca
1794 5389 1836 5452 ad
1858 5409 1933 5471 pos·

380 5496 574 5570 sessionem,
600 5508 757 5578 quantum
781 5497 813 5559 in
836 5497 883 5559 eis
906 5507 1001 5563 est..
1025 5497 1107 5560 Item
1131 5519 1210 5560 mox
1232 5499 1352 5561 ibidem
1377 5499 1520 5580 prefatus
1536 5519 1617 5581 mgr.
1636 5497 1804 5562 Wissotha
1819 5517 1934 5580 prepo-

379 5604 460 5666 situs
483 5624 541 5686 per
564 5604 698 5667 eosdem
721 5605 805 5667 dnos
828 5605 1029 5668 admissus..
1052 5607 1166 5669 iuravit
1189 5608 1230 5668 de
1253 5605 1465 5669 observandis
1489 5607 1659 5670 statutis..
