4416 6366
797 573 977 628 Annorum
999 567 1184 629 naa-nai.
1728 579 1784 657 143

233 667 319 676 --—-..
329 669 366 675 ..-
375 669 407 674 .—
417 669 442 674 .-
456 671 462 674 .
476 669 656 675 --............

231 790 337 850 stione
361 789 481 850 dudum
506 791 694 864 acticatam,
721 810 818 871 quam
843 810 903 870 pro
928 810 962 852 se
986 790 1096 852 dicunt
1120 789 1241 862 iacere,
1267 790 1403 852 defluxis
1426 799 1536 853 autem
1553 789 1631 870 ipsis
1648 791 1789 870 quinque

230 895 323 957 annis
353 896 474 958 debent
503 905 589 958 stare
621 896 775 960 decisioni
807 897 944 959 dnorum
976 898 1175 979 prelatorum
1211 907 1244 960 et
1278 898 1509 960 canonicorum
1545 917 1605 977 pro
1640 895 1785 976 capitulo

231 1001 374 1083 generali
397 1015 682 1085 congregatorum.

444 1214 486 1276 A.
516 1216 614 1293 1486,
639 1215 836 1278 Novembris
866 1218 919 1292 18,
944 1217 975 1278 in
999 1215 1142 1297 capitulo
1166 1215 1318 1298 generali.

341 1352 428 1421 775.
452 1356 518 1438 (lV.
548 1359 645 1437 113⁰).
670 1358 750 1421 ltem
775 1360 858 1421 dnos
874 1358 1135 1422 archidiaconum
1151 1357 1376 1421 Srzemensem
1394 1367 1427 1420 et
1443 1356 1636 1439 Lukowsky
1653 1357 1790 1440 deputa·

232 1473 348 1526 verunt
371 1463 412 1525 ad
436 1464 533 1526 dnum
559 1465 736 1545 palatinum
767 1467 906 1530 Poznan.
937 1467 968 1528 in
1000 1466 1086 1530 facto
1117 1467 1305 1529 testamenti
1337 1465 1412 1527 olim
1445 1463 1646 1528 Sanctissimi
1670 1465 1711 1546 (s)
1735 1465 1789 1526 dni

231 1571 393 1652 Bnynsky
416 1571 478 1652 Epi
502 1572 745 1647 PoznaniensiS,
771 1574 802 1635 in
826 1572 948 1636 Srzoda
971 1574 1099 1636 luerunt
1123 1573 1210 1651 apud
1234 1593 1316 1635 eum.

445 1782 488 1845 A.
517 1785 616 1862 1486,
640 1784 833 1848 Decembris
862 1801 915 1858 12,
940 1785 971 1846 in
995 1784 1148 1866 capitulo.

341 1921 427 1990 776.
463 1924 531 2006 (lV.
570 1928 685 2006 114)..
722 1926 786 1988 Dni
821 1925 1060 2006 deputaverunt
1094 1926 1194 1988 dnum
1226 1925 1454 2008 Czyesyelsky
1486 1925 1526 1987 ad
1558 1925 1785 1987 cubicularium

231 2033 356 2114 regium
381 2033 412 2094 in
437 2032 655 2095 Walischewo
679 2033 720 2095 ad
743 2033 1005 2096 Barthoslronem
1030 2034 1062 2096 in
1086 2033 1174 2096 sacto
1198 2033 1282 2096 salis.

446 2225 488 2287 A.
519 2228 617 2304 1486,
641 2225 834 2288 Decembris
863 2228 916 2300 16,
941 2227 972 2288 in
995 2226 1148 2308 capitulo.

341 2363 426 2432 777.
460 2368 530 2450 (IV.
561 2368 675 2448 114)..
709 2368 772 2430 Dni
796 2368 999 2434 donaverunt
1030 2369 1095 2432 dno
1120 2367 1346 2451 Czyesyelsky
1370 2369 1529 2432 fertonem
1554 2389 1614 2450 pro
1638 2389 1686 2444 e0,
1712 2369 1786 2450 quia

232 2494 366 2556 operam
390 2475 496 2550 dedit,
520 2497 561 2539 ne
585 2475 804 2556 dampnificati
825 2487 935 2542 essent
958 2475 1110 2540 homines
1134 2475 1264 2558 capituli
1288 2497 1349 2558 pro
1372 2475 1482 2541 sale.

446 2669 489 2732 A.
520 2674 611 2748 1487,
636 2669 803 2733 Februarii
833 2688 887 2750 14,
911 2671 943 2732 in
967 2669 1119 2753 capitulo.

341 2805 427 2874 778.
463 2809 532 2890 (IV.
563 2813 645 2890 115).
680 2811 804 2874 Ibidem
836 2813 918 2875 dnus
950 2811 1107 2874 Albertus
1139 2813 1179 2874 de
1211 2811 1326 2876 Lelma
1353 2812 1496 2875 altarista
1520 2814 1552 2874 in
1576 2811 1695 2874 ibidem
1719 2813 1789 2874 inti-

232 2917 333 2979 mavit
356 2917 546 2980 donacionis
570 2916 690 2980 bullam
715 2939 774 3000 per
797 2917 916 2982 Sedem
940 2919 1096 3000 Apostol.
1130 2919 1171 2982 de
1195 2921 1291 2982 certis
1315 2919 1478 2982 beneficiis
1502 2919 1541 2981 R.
1565 2919 1625 2982 Mti
1649 2917 1783 2994 lactam;

232 3033 266 3086 et
290 3024 344 3085 dni
368 3023 550 3087 habuerunt
575 3046 634 3106 pro
659 3025 854 3090 sufficienter
877 3027 1042 3104 intimato;
1066 3027 1273 3108 presentibus
1297 3037 1359 3091 etc.

446 3217 490 3282 A.
521 3221 612 3299 1487,
635 3219 802 3282 Februarii
826 3237 885 3298 24,
909 3221 941 3282 in
965 3219 1117 3303 capitulo.

342 3356 428 3425 779.
453 3360 517 3440 (lV.
548 3363 660 3441 115)..
684 3363 805 3426 Vener.
830 3363 884 3424 dni
908 3362 1062 3426 Nicolaus
1086 3362 1127 3425 de
1151 3361 1270 3425 Scudla
1294 3360 1508 3434 Srzemensis,
1533 3361 1729 3424 Vincencius
1746 3361 1787 3424 de

231 3464 435 3530 Strzalkowo
459 3467 659 3532 Pczewensis
682 3469 913 3542 archidiaconi,
946 3469 1159 3552 Rogalinsky,
1192 3468 1415 3542 cancellarius,
1449 3469 1618 3540 Decanek,
1652 3468 1785 3544 Hector,

232 3572 437 3656 Grylewsky,
462 3573 662 3655 Stephanus,
689 3574 914 3658 Sigismundus
938 3578 1053 3658 prelati
1077 3589 1110 3639 et
1134 3576 1280 3640 canonici
1304 3575 1440 3638 ecclesie
1456 3575 1596 3639 Poznan.
1614 3577 1655 3638 ad
1671 3596 1787 3638 sonum

232 3701 390 3761 campane
414 3685 613 3764 congregati.
638 3683 762 3746 Ibidem
787 3684 841 3746 dni
865 3695 1056 3765 receperunt
1081 3684 1180 3746 dnum
1205 3683 1375 3746 Nicolaum
1400 3681 1542 3764 Czeppel
1566 3683 1608 3745 de
1625 3681 1786 3745 Poznania

232 3787 435 3850 licenciatum
459 3789 491 3850 in
515 3789 654 3853 decretis
677 3791 718 3853 ad
742 3791 943 3872 prebendam
968 3801 1001 3854 et
1024 3793 1250 3854 canonicatum
1275 3804 1333 3872 per
1356 3801 1495 3854 mortem
1512 3789 1589 3852 olim
1606 3791 1659 3852 dni
1676 3789 1787 3853 lohan-

232 3895 281 3956 nis
305 3895 443 3976 Xansky
467 3907 638 3958 vacantem
662 3900 693 3958 in
718 3899 908 3960 canonicum
933 3909 966 3961 et
990 3899 1131 3962 iratrem.
1156 3897 1275 3960 Iuravit
1299 3909 1410 3961 tenere
1435 3908 1573 3972 statuta,
1596 3919 1656 3979 pro
1680 3917 1786 3980 cappa

233 4002 331 4064 solvit
361 4002 393 4064 X
416 4023 554 4082 marcas;
586 4005 790 4085 presentibus
822 4005 893 4068 dnis
925 4005 1067 4067 iohanne
1103 4004 1214 4068 Pessel
1247 4006 1286 4066 de
1322 4005 1482 4068 Poznania
1518 4017 1550 4068 et
1581 4005 1726 4069 Iohanne
1749 4004 1790 4067 de

233 4106 481 4190 Luthomyrsko
505 4111 669 4174 canonicis
692 4113 723 4174 in
748 4112 884 4174 ecclesia
908 4112 1081 4193 collegiata
1104 4132 1131 4174 s.
1157 4113 1258 4174 Marie
1282 4115 1313 4174 in
1337 4133 1465 4174 summo
1489 4112 1628 4174 Poznan.
1654 4111 1695 4173 ad
1720 4131 1788 4192 pre·

233 4217 331 4278 missa
354 4216 501 4281 testibus.
526 4217 569 4281 Et
593 4219 669 4300 quia
692 4219 776 4281 idem
801 4219 883 4282 dnus
907 4219 1051 4300 Czeppel
1072 4219 1230 4284 reddebat
1246 4240 1281 4282 se
1298 4219 1456 4282 difficilem
1474 4220 1648 4282 ostendere
1665 4219 1788 4282 litteras

231 4323 349 4386 iterum
372 4325 626 4400 executoriales,
649 4325 723 4388 ideo
747 4347 813 4388 non
837 4327 950 4409 scripsi
974 4328 1005 4389 in
1029 4327 1141 4391 forma.
1232 4307 1237 4318 ’

447 4517 491 4581 Α.
521 4523 611 4600 1487,
636 4519 743 4583 Martii
768 4519 833 4600 8¹),
858 4521 888 4582 in
912 4521 1065 4600 capitulo.

343 4655 428 4725 780.
454 4661 523 4742 (IV.
554 4663 633 4744 116).
658 4663 781 4725 lbidem
798 4664 1036 4744 deputaverunt
1056 4664 1139 4726 dnos
1156 4661 1308 4726 Scudlam
1332 4675 1365 4725 et
1390 4663 1582 4743 Lulrowslry
1599 4663 1646 4725 -ad
1670 4661 1790 4725 Srze·

233 4763 424 4830 densem
449 4769 828 4834 convencionem
853 4773 1045 4852 proximam.

447 4961 489 5024 A.
519 4965 610 5042 1487,
635 4961 759 5043 Aprilis
785 4977 822 5043 5,
848 4965 879 5025 in
904 4963 1058 5046 capitulo.

343 5097 428 5168 781.
453 5103 521 5185 (lV.
551 5107 623 5187 116)
637 5153 666 5168 ..
692 5105 811 5168 Vener.
835 5106 889 5167 dni
914 5105 1127 5186 Srzemensis,
1150 5105 1350 5170 Pczewensis
1367 5105 1598 5179 archidiaconi,
1624 5105 1787 5178 Decanek,

233 5208 367 5282 Hector,
392 5209 566 5294 Czaczsky,
591 5211 797 5294 Grylewsky,
821 5212 1006 5295 Stephanus
1023 5211 1257 5296 Grodzyczsky
1273 5214 1510 5294 deputaverunt
1526 5214 1626 5274 dnum
1648 5213 1789 5274 Lulrow·

233 5319 299 5401 sky
322 5319 364 5381 ad
387 5319 620 5385 Clodawa.

343 5617 363 5686 ¹)
381 5620 449 5670 Data
468 5639 491 5670 w
510 5620 653 5687 oryginale:
675 5621 741 5669 »Die
760 5619 828 5669 loris
846 5619 869 5668 Χ
890 5622 990 5672 Martii«
1010 5623 1059 5687 jest
1078 5621 1181 5686 blednp.

341 5714 437 5758 Manum.
453 5715 516 5756 medii
529 5715 577 5757 aevi
591 5715 641 5756 hist.
662 5715 721 5758 Xlll.
