<?xml version="1.0" encoding="UTF-8"?>
<!DOCTYPE html PUBLIC "-//W3C//DTD XHTML 1.0 Transitional//EN"
    "http://www.w3.org/TR/xhtml1/DTD/xhtml1-transitional.dtd">
<html xmlns="http://www.w3.org/1999/xhtml" xml:lang="en" lang="en">
 <head>
  <title>
</title>
<meta http-equiv="Content-Type" content="text/html;charset=utf-8" />
  <meta name='ocr-system' content='tesseract 3.04.00' />
  <meta name='ocr-capabilities' content='ocr_page ocr_carea ocr_par ocr_line ocrx_word'/>
</head>
<body>
  <div class='ocr_page' id='page_1' title='image "actacapitulorum00czubgoog_0089.png"; bbox 0 0 4458 6356; ppageno 0'>
   <div class='ocr_carea' id='block_1_1' title="bbox 235 565 1794 1187">
    <p class='ocr_par' dir='ltr' id='par_1_1' title="bbox 235 565 1794 1187">
     <span class='ocr_line' id='line_1_1' title="bbox 913 565 1792 650; baseline 0.016 -31"><span class='ocrx_word' id='word_1_1' title='bbox 913 570 1003 620; x_wconf 80' lang='lat' dir='ltr'>ANNI</span> <span class='ocrx_word' id='word_1_2' title='bbox 1024 565 1099 624; x_wconf 68' lang='lat'>1448.</span> <span class='ocrx_word' id='word_1_3' title='bbox 1754 585 1792 650; x_wconf 92' lang='lat'>71</span> 
     </span>
     <span class='ocr_line' id='line_1_2' title="bbox 241 782 1792 866; baseline 0.001 -21"><span class='ocrx_word' id='word_1_4' title='bbox 241 783 300 846; x_wconf 91' lang='lat' dir='ltr'>hiis</span> <span class='ocrx_word' id='word_1_5' title='bbox 323 783 461 846; x_wconf 89' lang='lat' dir='ltr'>testibus</span> <span class='ocrx_word' id='word_1_6' title='bbox 485 783 607 846; x_wconf 83' lang='lat' dir='ltr'>Mathia</span> <span class='ocrx_word' id='word_1_7' title='bbox 631 783 770 846; x_wconf 88' lang='lat' dir='ltr'>sculteto</span> <span class='ocrx_word' id='word_1_8' title='bbox 788 785 828 845; x_wconf 90' lang='lat' dir='ltr'>de</span> <span class='ocrx_word' id='word_1_9' title='bbox 845 783 1077 856; x_wconf 87' lang='lat' dir='ltr'>Lowanczino,</span> <span class='ocrx_word' id='word_1_10' title='bbox 1102 782 1271 864; x_wconf 90' lang='lat' dir='ltr'>Stephano</span> <span class='ocrx_word' id='word_1_11' title='bbox 1296 804 1407 856; x_wconf 89' lang='lat' dir='ltr'>serv0,</span> <span class='ocrx_word' id='word_1_12' title='bbox 1433 783 1468 846; x_wconf 92' lang='lat' dir='ltr'>C.</span> <span class='ocrx_word' id='word_1_13' title='bbox 1495 803 1650 866; x_wconf 88' lang='lat' dir='ltr'>germano</span> <span class='ocrx_word' id='word_1_14' title='bbox 1675 794 1707 846; x_wconf 91' lang='lat' dir='ltr'>et</span> <span class='ocrx_word' id='word_1_15' title='bbox 1724 784 1792 846; x_wconf 87' lang='lat' dir='ltr'>aliis</span> 
     </span>
     <span class='ocr_line' id='line_1_3' title="bbox 240 889 1794 973; baseline 0 -21"><span class='ocrx_word' id='word_1_16' title='bbox 240 911 336 973; x_wconf 90' lang='lat' dir='ltr'>quam</span> <span class='ocrx_word' id='word_1_17' title='bbox 370 889 515 972; x_wconf 86' lang='lat' dir='ltr'><strong>plurimis</strong></span> <span class='ocrx_word' id='word_1_18' title='bbox 546 891 621 953; x_wconf 87' lang='lat' dir='ltr'>viris</span> <span class='ocrx_word' id='word_1_19' title='bbox 652 892 791 970; x_wconf 89' lang='lat' dir='ltr'>ydoneis</span> <span class='ocrx_word' id='word_1_20' title='bbox 814 911 852 953; x_wconf 87' lang='lat' dir='ltr'>ac</span> <span class='ocrx_word' id='word_1_21' title='bbox 876 890 1056 972; x_wconf 86' lang='lat' dir='ltr'>fidedignis.</span> <span class='ocrx_word' id='word_1_22' title='bbox 1092 891 1213 953; x_wconf 87' lang='lat' dir='ltr'>Datum</span> <span class='ocrx_word' id='word_1_23' title='bbox 1238 901 1271 953; x_wconf 90' lang='lat' dir='ltr'>et</span> <span class='ocrx_word' id='word_1_24' title='bbox 1295 903 1402 953; x_wconf 91' lang='lat' dir='ltr'>actum</span> <span class='ocrx_word' id='word_1_25' title='bbox 1427 893 1457 952; x_wconf 91' lang='lat' dir='ltr'>in</span> <span class='ocrx_word' id='word_1_26' title='bbox 1484 891 1591 972; x_wconf 82' lang='lat' dir='ltr'>vigilia</span> <span class='ocrx_word' id='word_1_27' title='bbox 1615 891 1645 952; x_wconf 94' lang='lat' dir='ltr'>b.</span> <span class='ocrx_word' id='word_1_28' title='bbox 1671 889 1794 954; x_wconf 89' lang='lat' dir='ltr'>Mathei</span> 
     </span>
     <span class='ocr_line' id='line_1_4' title="bbox 240 996 1792 1078; baseline -0.001 -18"><span class='ocrx_word' id='word_1_29' title='bbox 240 997 381 1078; x_wconf 89' lang='lat' dir='ltr'>apostoli</span> <span class='ocrx_word' id='word_1_30' title='bbox 404 998 450 1078; x_wconf 80' lang='lat' dir='ltr'>(d.</span> <span class='ocrx_word' id='word_1_31' title='bbox 477 1015 518 1058; x_wconf 87' lang='lat'>20</span> <span class='ocrx_word' id='word_1_32' title='bbox 543 996 735 1078; x_wconf 75' lang='lat' dir='ltr'><em>Septembris</em></span> <span class='ocrx_word' id='word_1_33' title='bbox 761 999 846 1078; x_wconf 73' lang='lat'><em>1353)</em></span> <span class='ocrx_word' id='word_1_34' title='bbox 878 999 910 1060; x_wconf 89' lang='lat' dir='ltr'>in</span> <span class='ocrx_word' id='word_1_35' title='bbox 935 998 1034 1059; x_wconf 94' lang='lat' dir='ltr'>domo</span> <span class='ocrx_word' id='word_1_36' title='bbox 1059 998 1190 1061; x_wconf 88' lang='lat' dir='ltr'>discreti</span> <span class='ocrx_word' id='word_1_37' title='bbox 1213 1019 1251 1058; x_wconf 91' lang='lat' dir='ltr'>ac</span> <span class='ocrx_word' id='word_1_38' title='bbox 1275 997 1404 1061; x_wconf 86' lang='lat' dir='ltr'>honesti</span> <span class='ocrx_word' id='word_1_39' title='bbox 1430 998 1486 1060; x_wconf 90' lang='lat' dir='ltr'>viri</span> <span class='ocrx_word' id='word_1_40' title='bbox 1511 998 1587 1060; x_wconf 90' lang='lat' dir='ltr'>dicti</span> <span class='ocrx_word' id='word_1_41' title='bbox 1612 997 1691 1060; x_wconf 90' lang='lat' dir='ltr'>Prus</span> <span class='ocrx_word' id='word_1_42' title='bbox 1714 998 1792 1059; x_wconf 91' lang='lat' dir='ltr'>civis</span> 
     </span>
     <span class='ocr_line' id='line_1_5' title="bbox 235 1103 1618 1187; baseline 0 -21"><span class='ocrx_word' id='word_1_43' title='bbox 235 1103 373 1168; x_wconf 88' lang='lat' dir='ltr'>Poznan.</span> <span class='ocrx_word' id='word_1_44' title='bbox 399 1105 537 1168; x_wconf 88' lang='lat' dir='ltr'>civitatis</span> <span class='ocrx_word' id='word_1_45' title='bbox 561 1126 620 1187; x_wconf 92' lang='lat' dir='ltr'>per</span> <span class='ocrx_word' id='word_1_46' title='bbox 643 1125 757 1168; x_wconf 89' lang='lat' dir='ltr'>manus</span> <span class='ocrx_word' id='word_1_47' title='bbox 781 1104 933 1168; x_wconf 89' lang='lat' dir='ltr'>Stanislai</span> <span class='ocrx_word' id='word_1_48' title='bbox 957 1105 1065 1166; x_wconf 89' lang='lat' dir='ltr'>vicarii</span> <span class='ocrx_word' id='word_1_49' title='bbox 1089 1105 1224 1167; x_wconf 85' lang='lat' dir='ltr'><strong>ecclesie</strong></span> <span class='ocrx_word' id='word_1_50' title='bbox 1248 1103 1391 1167; x_wconf 88' lang='lat' dir='ltr'>Poznan.</span> <span class='ocrx_word' id='word_1_51' title='bbox 1416 1104 1618 1167; x_wconf 87' lang='lat' dir='ltr'>cathedralis.</span> 
     </span>
    </p>
   </div>
   <div class='ocr_carea' id='block_1_2' title="bbox 448 1297 1163 1380">
    <p class='ocr_par' dir='ltr' id='par_1_2' title="bbox 448 1297 1163 1380">
     <span class='ocr_line' id='line_1_6' title="bbox 448 1297 1163 1380; baseline 0 -20"><span class='ocrx_word' id='word_1_52' title='bbox 448 1297 492 1362; x_wconf 91' lang='lat' dir='ltr'>A.</span> <span class='ocrx_word' id='word_1_53' title='bbox 522 1301 613 1379; x_wconf 84' lang='lat'>1448,</span> <span class='ocrx_word' id='word_1_54' title='bbox 637 1299 706 1360; x_wconf 93' lang='lat' dir='ltr'>Iulii</span> <span class='ocrx_word' id='word_1_55' title='bbox 732 1316 759 1378; x_wconf 85' lang='lat'>3,</span> <span class='ocrx_word' id='word_1_56' title='bbox 784 1300 816 1361; x_wconf 93' lang='lat' dir='ltr'>in</span> <span class='ocrx_word' id='word_1_57' title='bbox 841 1299 984 1380; x_wconf 87' lang='lat' dir='ltr'>capitulo</span> <span class='ocrx_word' id='word_1_58' title='bbox 1009 1299 1163 1380; x_wconf 86' lang='lat' dir='ltr'>generali.</span> 
     </span>
    </p>
   </div>
   <div class='ocr_carea' id='block_1_3' title="bbox 231 1438 1807 2489">
    <p class='ocr_par' dir='ltr' id='par_1_3' title="bbox 231 1438 1807 2489">
     <span class='ocr_line' id='line_1_7' title="bbox 344 1438 1794 1524; baseline -0.003 -18"><span class='ocrx_word' id='word_1_59' title='bbox 344 1438 431 1507; x_wconf 81' lang='grc'><strong>353.</strong></span> <span class='ocrx_word' id='word_1_60' title='bbox 457 1439 508 1524; x_wconf 88' lang='grc' dir='ltr'><strong>(ΙΙ.</strong></span> <span class='ocrx_word' id='word_1_61' title='bbox 538 1441 620 1522; x_wconf 83' lang='lat'>100).</span> <span class='ocrx_word' id='word_1_62' title='bbox 648 1441 727 1504; x_wconf 92' lang='lat' dir='ltr'>..ln</span> <span class='ocrx_word' id='word_1_63' title='bbox 752 1443 920 1522; x_wconf 83' lang='lat' dir='ltr'>presencia</span> <span class='ocrx_word' id='word_1_64' title='bbox 944 1441 997 1503; x_wconf 92' lang='lat' dir='ltr'>dni</span> <span class='ocrx_word' id='word_1_65' title='bbox 1022 1441 1084 1522; x_wconf 88' lang='lat' dir='ltr'>Epi</span> <span class='ocrx_word' id='word_1_66' title='bbox 1101 1453 1134 1503; x_wconf 91' lang='lat' dir='ltr'>et</span> <span class='ocrx_word' id='word_1_67' title='bbox 1151 1440 1267 1502; x_wconf 92' lang='lat' dir='ltr'>nobilis</span> <span class='ocrx_word' id='word_1_68' title='bbox 1283 1439 1435 1502; x_wconf 88' lang='lat' dir='ltr'>Iohannis</span> <span class='ocrx_word' id='word_1_69' title='bbox 1451 1439 1651 1520; x_wconf 87' lang='lat' dir='ltr'>Boglewsky</span> <span class='ocrx_word' id='word_1_70' title='bbox 1675 1440 1794 1502; x_wconf 91' lang='lat' dir='ltr'>vexilli·</span> 
     </span>
     <span class='ocr_line' id='line_1_8' title="bbox 234 1545 1807 1630; baseline 0.001 -22"><span class='ocrx_word' id='word_1_71' title='bbox 234 1548 289 1611; x_wconf 88' lang='lat' dir='ltr'>feri</span> <span class='ocrx_word' id='word_1_72' title='bbox 313 1548 476 1612; x_wconf 85' lang='lat' dir='ltr'>Cirnensis</span> <span class='ocrx_word' id='word_1_73' title='bbox 500 1569 606 1612; x_wconf 88' lang='lat' dir='ltr'>vener.</span> <span class='ocrx_word' id='word_1_74' title='bbox 632 1549 686 1610; x_wconf 94' lang='lat' dir='ltr'>dni</span> <span class='ocrx_word' id='word_1_75' title='bbox 710 1550 947 1630; x_wconf 89' lang='lat' dir='ltr'>deputaverunt</span> <span class='ocrx_word' id='word_1_76' title='bbox 978 1549 1061 1610; x_wconf 88' lang='lat' dir='ltr'>dnos</span> <span class='ocrx_word' id='word_1_77' title='bbox 1094 1547 1342 1627; x_wconf 75' lang='lat' dir='ltr'>Praszmowslcy</span> <span class='ocrx_word' id='word_1_78' title='bbox 1366 1557 1398 1608; x_wconf 90' lang='lat' dir='ltr'>et</span> <span class='ocrx_word' id='word_1_79' title='bbox 1423 1545 1579 1627; x_wconf 85' lang='lat' dir='ltr'>Chibsky,</span> <span class='ocrx_word' id='word_1_80' title='bbox 1604 1547 1807 1610; x_wconf 86' lang='lat' dir='ltr'>nominatos</span> 
     </span>
     <span class='ocr_line' id='line_1_9' title="bbox 233 1652 1788 1738; baseline -0.002 -20"><span class='ocrx_word' id='word_1_81' title='bbox 233 1667 266 1720; x_wconf 91' lang='lat' dir='ltr'>et</span> <span class='ocrx_word' id='word_1_82' title='bbox 289 1667 475 1737; x_wconf 89' lang='lat' dir='ltr'>assumptos</span> <span class='ocrx_word' id='word_1_83' title='bbox 499 1676 557 1737; x_wconf 89' lang='lat' dir='ltr'>per</span> <span class='ocrx_word' id='word_1_84' title='bbox 580 1656 740 1737; x_wconf 85' lang='lat' dir='ltr'>prefatum</span> <span class='ocrx_word' id='word_1_85' title='bbox 764 1655 979 1738; x_wconf 88' lang='lat' dir='ltr'>Boglewsky,</span> <span class='ocrx_word' id='word_1_86' title='bbox 1005 1657 1106 1718; x_wconf 89' lang='lat' dir='ltr'>ituros</span> <span class='ocrx_word' id='word_1_87' title='bbox 1138 1655 1178 1715; x_wconf 86' lang='lat' dir='ltr'>ad</span> <span class='ocrx_word' id='word_1_88' title='bbox 1203 1664 1313 1734; x_wconf 86' lang='lat' dir='ltr'>partes</span> <span class='ocrx_word' id='word_1_89' title='bbox 1345 1652 1537 1715; x_wconf 90' lang='lat' dir='ltr'>Mazovie</span> <span class='ocrx_word' id='word_1_90' title='bbox 1568 1653 1610 1714; x_wconf 88' lang='lat' dir='ltr'>ad</span> <span class='ocrx_word' id='word_1_91' title='bbox 1633 1655 1788 1734; x_wconf 88' lang='lat' dir='ltr'>recipien-</span> 
     </span>
     <span class='ocr_line' id='line_1_10' title="bbox 233 1759 1792 1841; baseline -0.002 -16"><span class='ocrx_word' id='word_1_92' title='bbox 233 1763 308 1826; x_wconf 92' lang='lat' dir='ltr'>dum</span> <span class='ocrx_word' id='word_1_93' title='bbox 333 1783 472 1826; x_wconf 85' lang='lat' dir='ltr'>examen</span> <span class='ocrx_word' id='word_1_94' title='bbox 497 1765 626 1826; x_wconf 89' lang='lat' dir='ltr'>testium</span> <span class='ocrx_word' id='word_1_95' title='bbox 651 1783 787 1825; x_wconf 91' lang='lat' dir='ltr'>unacum</span> <span class='ocrx_word' id='word_1_96' title='bbox 820 1765 886 1826; x_wconf 93' lang='lat' dir='ltr'>dno</span> <span class='ocrx_word' id='word_1_97' title='bbox 911 1764 1035 1824; x_wconf 85' lang='lat' dir='ltr'>decano</span> <span class='ocrx_word' id='word_1_98' title='bbox 1068 1759 1331 1823; x_wconf 89' lang='lat' dir='ltr'>Warschoviensi</span> <span class='ocrx_word' id='word_1_99' title='bbox 1361 1759 1401 1821; x_wconf 91' lang='lat' dir='ltr'>de</span> <span class='ocrx_word' id='word_1_100' title='bbox 1425 1771 1458 1822; x_wconf 91' lang='lat' dir='ltr'>et</span> <span class='ocrx_word' id='word_1_101' title='bbox 1482 1781 1580 1841; x_wconf 88' lang='lat' dir='ltr'>super</span> <span class='ocrx_word' id='word_1_102' title='bbox 1603 1760 1735 1822; x_wconf 89' lang='lat' dir='ltr'>decimis</span> <span class='ocrx_word' id='word_1_103' title='bbox 1759 1771 1792 1823; x_wconf 91' lang='lat' dir='ltr'>et</span> 
     </span>
     <span class='ocr_line' id='line_1_11' title="bbox 233 1866 1792 1952; baseline -0.001 -20"><span class='ocrx_word' id='word_1_104' title='bbox 233 1872 373 1952; x_wconf 89' lang='lat' dir='ltr'>ipsarum</span> <span class='ocrx_word' id='word_1_105' title='bbox 397 1871 588 1934; x_wconf 91' lang='lat' dir='ltr'>condicione</span> <span class='ocrx_word' id='word_1_106' title='bbox 617 1873 648 1932; x_wconf 90' lang='lat' dir='ltr'>in</span> <span class='ocrx_word' id='word_1_107' title='bbox 672 1870 755 1934; x_wconf 90' lang='lat' dir='ltr'>villis</span> <span class='ocrx_word' id='word_1_108' title='bbox 785 1871 994 1952; x_wconf 89' lang='lat' dir='ltr'>Boglevieze,</span> <span class='ocrx_word' id='word_1_109' title='bbox 1031 1867 1140 1933; x_wconf 89' lang='lat' dir='ltr'>Ossini</span> <span class='ocrx_word' id='word_1_110' title='bbox 1169 1878 1202 1930; x_wconf 90' lang='lat' dir='ltr'>et</span> <span class='ocrx_word' id='word_1_111' title='bbox 1231 1866 1357 1947; x_wconf 88' lang='lat' dir='ltr'>Volya,</span> <span class='ocrx_word' id='word_1_112' title='bbox 1392 1887 1528 1947; x_wconf 88' lang='lat' dir='ltr'>quorum</span> <span class='ocrx_word' id='word_1_113' title='bbox 1558 1869 1792 1930; x_wconf 88' lang='lat' dir='ltr'>attestaciones</span> 
     </span>
     <span class='ocr_line' id='line_1_12' title="bbox 232 1974 1788 2060; baseline -0.002 -20"><span class='ocrx_word' id='word_1_114' title='bbox 232 1978 343 2060; x_wconf 89' lang='lat' dir='ltr'>sigillis</span> <span class='ocrx_word' id='word_1_115' title='bbox 367 1980 510 2059; x_wconf 89' lang='lat' dir='ltr'>ipsorum</span> <span class='ocrx_word' id='word_1_116' title='bbox 534 1979 674 2040; x_wconf 90' lang='lat' dir='ltr'>munitas</span> <span class='ocrx_word' id='word_1_117' title='bbox 698 1979 933 2058; x_wconf 75' lang='lat' dir='ltr'>presentabant</span> <span class='ocrx_word' id='word_1_118' title='bbox 964 1977 1035 2038; x_wconf 90' lang='lat' dir='ltr'>dnis</span> <span class='ocrx_word' id='word_1_119' title='bbox 1068 1977 1099 2037; x_wconf 94' lang='lat' dir='ltr'>in</span> <span class='ocrx_word' id='word_1_120' title='bbox 1124 1975 1267 2056; x_wconf 91' lang='lat' dir='ltr'>capitulo</span> <span class='ocrx_word' id='word_1_121' title='bbox 1299 1975 1442 2055; x_wconf 86' lang='lat' dir='ltr'>generali</span> <span class='ocrx_word' id='word_1_122' title='bbox 1466 1995 1525 2056; x_wconf 90' lang='lat' dir='ltr'>pro</span> <span class='ocrx_word' id='word_1_123' title='bbox 1550 1974 1634 2036; x_wconf 85' lang='lat' dir='ltr'>sesto</span> <span class='ocrx_word' id='word_1_124' title='bbox 1659 1975 1788 2038; x_wconf 87' lang='lat' dir='ltr'>Martini</span> 
     </span>
     <span class='ocr_line' id='line_1_13' title="bbox 233 2081 1792 2167; baseline -0.001 -21"><span class='ocrx_word' id='word_1_125' title='bbox 233 2087 391 2165; x_wconf 89' lang='lat' dir='ltr'>proximo,</span> <span class='ocrx_word' id='word_1_126' title='bbox 417 2107 460 2148; x_wconf 92' lang='lat' dir='ltr'>ex</span> <span class='ocrx_word' id='word_1_127' title='bbox 484 2087 598 2167; x_wconf 89' lang='lat' dir='ltr'>quibus</span> <span class='ocrx_word' id='word_1_128' title='bbox 622 2084 684 2160; x_wconf 91' lang='lat' dir='ltr'>dni,</span> <span class='ocrx_word' id='word_1_129' title='bbox 710 2085 861 2148; x_wconf 87' lang='lat' dir='ltr'>videlicet</span> <span class='ocrx_word' id='word_1_130' title='bbox 885 2084 1069 2164; x_wconf 88' lang='lat' dir='ltr'>capitulum,</span> <span class='ocrx_word' id='word_1_131' title='bbox 1105 2083 1255 2144; x_wconf 88' lang='lat' dir='ltr'>diriment</span> <span class='ocrx_word' id='word_1_132' title='bbox 1292 2083 1364 2143; x_wconf 90' lang='lat' dir='ltr'>lites</span> <span class='ocrx_word' id='word_1_133' title='bbox 1401 2091 1434 2143; x_wconf 93' lang='lat' dir='ltr'>et</span> <span class='ocrx_word' id='word_1_134' title='bbox 1457 2081 1661 2162; x_wconf 88' lang='lat' dir='ltr'>questionem</span> <span class='ocrx_word' id='word_1_135' title='bbox 1695 2103 1792 2163; x_wconf 91' lang='lat' dir='ltr'>super</span> 
     </span>
     <span class='ocr_line' id='line_1_14' title="bbox 231 2188 1787 2272; baseline -0.002 -19"><span class='ocrx_word' id='word_1_136' title='bbox 231 2193 351 2256; x_wconf 89' lang='lat' dir='ltr'>eisdem</span> <span class='ocrx_word' id='word_1_137' title='bbox 374 2193 506 2257; x_wconf 88' lang='lat' dir='ltr'>decimis</span> <span class='ocrx_word' id='word_1_138' title='bbox 531 2204 563 2256; x_wconf 88' lang='lat' dir='ltr'>et</span> <span class='ocrx_word' id='word_1_139' title='bbox 588 2195 787 2256; x_wconf 87' lang='lat' dir='ltr'>sentenciam</span> <span class='ocrx_word' id='word_1_140' title='bbox 810 2192 913 2254; x_wconf 81' lang='lat' dir='ltr'>ferent</span> <span class='ocrx_word' id='word_1_141' title='bbox 938 2193 1050 2272; x_wconf 86' lang='lat' dir='ltr'>vigore</span> <span class='ocrx_word' id='word_1_142' title='bbox 1074 2189 1302 2269; x_wconf 81' lang='lat' dir='ltr'>compromissi</span> <span class='ocrx_word' id='word_1_143' title='bbox 1327 2209 1455 2250; x_wconf 85' lang='lat' dir='ltr'>exnunc</span> <span class='ocrx_word' id='word_1_144' title='bbox 1479 2188 1572 2262; x_wconf 85' lang='lat' dir='ltr'>facti,</span> <span class='ocrx_word' id='word_1_145' title='bbox 1597 2208 1693 2270; x_wconf 88' lang='lat' dir='ltr'>quam</span> <span class='ocrx_word' id='word_1_146' title='bbox 1719 2209 1787 2252; x_wconf 90' lang='lat' dir='ltr'>sen·</span> 
     </span>
     <span class='ocr_line' id='line_1_15' title="bbox 232 2295 1792 2383; baseline -0.003 -21"><span class='ocrx_word' id='word_1_147' title='bbox 232 2301 371 2362; x_wconf 89' lang='lat' dir='ltr'>tenciam</span> <span class='ocrx_word' id='word_1_148' title='bbox 396 2311 463 2363; x_wconf 86' lang='lat' dir='ltr'>tam</span> <span class='ocrx_word' id='word_1_149' title='bbox 487 2301 569 2364; x_wconf 93' lang='lat' dir='ltr'>dnus</span> <span class='ocrx_word' id='word_1_150' title='bbox 593 2301 683 2383; x_wconf 91' lang='lat' dir='ltr'>Epus</span> <span class='ocrx_word' id='word_1_151' title='bbox 709 2319 806 2382; x_wconf 88' lang='lat' dir='ltr'>quam</span> <span class='ocrx_word' id='word_1_152' title='bbox 832 2301 901 2379; x_wconf 93' lang='lat' dir='ltr'>ipse</span> <span class='ocrx_word' id='word_1_153' title='bbox 925 2297 1082 2360; x_wconf 82' lang='lat' dir='ltr'>vexillifer</span> <span class='ocrx_word' id='word_1_154' title='bbox 1116 2297 1268 2378; x_wconf 89' lang='lat' dir='ltr'>amplecti</span> <span class='ocrx_word' id='word_1_155' title='bbox 1297 2295 1418 2358; x_wconf 89' lang='lat' dir='ltr'>debent</span> <span class='ocrx_word' id='word_1_156' title='bbox 1452 2305 1485 2358; x_wconf 88' lang='lat' dir='ltr'>et</span> <span class='ocrx_word' id='word_1_157' title='bbox 1509 2306 1635 2367; x_wconf 90' lang='lat' dir='ltr'>tenere,</span> <span class='ocrx_word' id='word_1_158' title='bbox 1668 2316 1726 2358; x_wconf 92' lang='lat' dir='ltr'>nec</span> <span class='ocrx_word' id='word_1_159' title='bbox 1750 2295 1792 2357; x_wconf 91' lang='lat' dir='ltr'>ab</span> 
     </span>
     <span class='ocr_line' id='line_1_16' title="bbox 232 2402 1789 2489; baseline -0.001 -22"><span class='ocrx_word' id='word_1_160' title='bbox 232 2427 270 2468; x_wconf 88' lang='lat' dir='ltr'>ea</span> <span class='ocrx_word' id='word_1_161' title='bbox 293 2408 460 2488; x_wconf 87' lang='lat' dir='ltr'>appellare</span> <span class='ocrx_word' id='word_1_162' title='bbox 483 2419 538 2472; x_wconf 93' lang='lat' dir='ltr'>aut</span> <span class='ocrx_word' id='word_1_163' title='bbox 563 2409 714 2489; x_wconf 90' lang='lat' dir='ltr'>excipere</span> <span class='ocrx_word' id='word_1_164' title='bbox 738 2407 798 2470; x_wconf 93' lang='lat' dir='ltr'>sub</span> <span class='ocrx_word' id='word_1_165' title='bbox 823 2427 907 2489; x_wconf 88' lang='lat' dir='ltr'>pena</span> <span class='ocrx_word' id='word_1_166' title='bbox 940 2405 1026 2468; x_wconf 89' lang='lat' dir='ltr'>mille</span> <span class='ocrx_word' id='word_1_167' title='bbox 1050 2404 1259 2476; x_wconf 86' lang='lat' dir='ltr'>florenorum,</span> <span class='ocrx_word' id='word_1_168' title='bbox 1293 2403 1343 2464; x_wconf 90' lang='lat' dir='ltr'>cui</span> <span class='ocrx_word' id='word_1_169' title='bbox 1375 2423 1410 2465; x_wconf 94' lang='lat' dir='ltr'>se</span> <span class='ocrx_word' id='word_1_170' title='bbox 1433 2402 1533 2465; x_wconf 91' lang='lat' dir='ltr'>libere</span> <span class='ocrx_word' id='word_1_171' title='bbox 1563 2403 1789 2466; x_wconf 91' lang='lat' dir='ltr'>submiserunt.</span> 
     </span>
    </p>
   </div>
   <div class='ocr_carea' id='block_1_4' title="bbox 230 2544 1790 2954">
    <p class='ocr_par' dir='ltr' id='par_1_4' title="bbox 230 2544 1790 2954">
     <span class='ocr_line' id='line_1_17' title="bbox 339 2544 1786 2632; baseline -0.005 -18"><span class='ocrx_word' id='word_1_172' title='bbox 339 2547 426 2615; x_wconf 79' lang='lat'>354.</span> <span class='ocrx_word' id='word_1_173' title='bbox 452 2548 568 2632; x_wconf 89' lang='lat' dir='ltr'>(lbid.).</span> <span class='ocrx_word' id='word_1_174' title='bbox 595 2547 676 2614; x_wconf 90' lang='lat' dir='ltr'>Item</span> <span class='ocrx_word' id='word_1_175' title='bbox 700 2549 818 2612; x_wconf 90' lang='lat' dir='ltr'>ibidem</span> <span class='ocrx_word' id='word_1_176' title='bbox 845 2548 1001 2611; x_wconf 90' lang='lat' dir='ltr'>Albertus</span> <span class='ocrx_word' id='word_1_177' title='bbox 1027 2547 1195 2608; x_wconf 89' lang='lat' dir='ltr'>Laurencii</span> <span class='ocrx_word' id='word_1_178' title='bbox 1220 2547 1259 2607; x_wconf 89' lang='lat' dir='ltr'>de</span> <span class='ocrx_word' id='word_1_179' title='bbox 1283 2544 1437 2607; x_wconf 86' lang='lat' dir='ltr'>Smolsko</span> <span class='ocrx_word' id='word_1_180' title='bbox 1462 2545 1636 2607; x_wconf 86' lang='lat' dir='ltr'>canonicus</span> <span class='ocrx_word' id='word_1_181' title='bbox 1653 2544 1786 2609; x_wconf 90' lang='lat' dir='ltr'>Crusch-</span> 
     </span>
     <span class='ocr_line' id='line_1_18' title="bbox 231 2652 1790 2739; baseline -0.001 -23"><span class='ocrx_word' id='word_1_182' title='bbox 231 2657 378 2720; x_wconf 88' lang='lat' dir='ltr'>viciensis</span> <span class='ocrx_word' id='word_1_183' title='bbox 402 2669 435 2722; x_wconf 92' lang='lat' dir='ltr'>et</span> <span class='ocrx_word' id='word_1_184' title='bbox 458 2658 617 2739; x_wconf 89' lang='lat' dir='ltr'>plebanus</span> <span class='ocrx_word' id='word_1_185' title='bbox 642 2660 673 2720; x_wconf 93' lang='lat' dir='ltr'>in</span> <span class='ocrx_word' id='word_1_186' title='bbox 697 2658 838 2738; x_wconf 87' lang='lat' dir='ltr'>Byczina</span> <span class='ocrx_word' id='word_1_187' title='bbox 867 2657 1037 2718; x_wconf 91' lang='lat' dir='ltr'>insinuavit</span> <span class='ocrx_word' id='word_1_188' title='bbox 1071 2655 1210 2728; x_wconf 88' lang='lat' dir='ltr'>litteras,</span> <span class='ocrx_word' id='word_1_189' title='bbox 1239 2655 1389 2716; x_wconf 90' lang='lat' dir='ltr'>videlicet</span> <span class='ocrx_word' id='word_1_190' title='bbox 1413 2673 1602 2734; x_wconf 86' lang='lat' dir='ltr'>processum</span> <span class='ocrx_word' id='word_1_191' title='bbox 1626 2652 1680 2714; x_wconf 93' lang='lat' dir='ltr'>dni</span> <span class='ocrx_word' id='word_1_192' title='bbox 1705 2653 1790 2714; x_wconf 86' lang='lat' dir='ltr'>Wla-</span> 
     </span>
     <span class='ocr_line' id='line_1_19' title="bbox 230 2761 1788 2847; baseline -0.001 -22"><span class='ocrx_word' id='word_1_193' title='bbox 230 2763 320 2826; x_wconf 89' lang='lat' dir='ltr'>dislai</span> <span class='ocrx_word' id='word_1_194' title='bbox 344 2765 407 2847; x_wconf 87' lang='lat' dir='ltr'>Epi</span> <span class='ocrx_word' id='word_1_195' title='bbox 430 2766 708 2828; x_wconf 90' lang='lat' dir='ltr'>Wladislaviensis</span> <span class='ocrx_word' id='word_1_196' title='bbox 741 2765 965 2826; x_wconf 88' lang='lat' dir='ltr'>continentem</span> <span class='ocrx_word' id='word_1_197' title='bbox 996 2766 1139 2845; x_wconf 87' lang='lat' dir='ltr'>graciam</span> <span class='ocrx_word' id='word_1_198' title='bbox 1171 2761 1386 2842; x_wconf 90' lang='lat' dir='ltr'>apostolicam</span> <span class='ocrx_word' id='word_1_199' title='bbox 1420 2772 1452 2824; x_wconf 87' lang='lat' dir='ltr'>et</span> <span class='ocrx_word' id='word_1_200' title='bbox 1476 2761 1695 2842; x_wconf 87' lang='lat' dir='ltr'>provisionem</span> <span class='ocrx_word' id='word_1_201' title='bbox 1719 2762 1788 2823; x_wconf 92' lang='lat' dir='ltr'>sive</span> 
     </span>
     <span class='ocr_line' id='line_1_20' title="bbox 230 2869 1331 2954; baseline 0 -22"><span class='ocrx_word' id='word_1_202' title='bbox 230 2875 511 2952; x_wconf 89' lang='lat' dir='ltr'>presentacionem</span> <span class='ocrx_word' id='word_1_203' title='bbox 535 2872 599 2934; x_wconf 92' lang='lat' dir='ltr'>dne</span> <span class='ocrx_word' id='word_1_204' title='bbox 622 2872 746 2954; x_wconf 88' lang='lat' dir='ltr'>Zophie</span> <span class='ocrx_word' id='word_1_205' title='bbox 770 2874 898 2954; x_wconf 83' lang='lat' dir='ltr'>regine,</span> <span class='ocrx_word' id='word_1_206' title='bbox 924 2891 1020 2953; x_wconf 88' lang='lat' dir='ltr'>quam</span> <span class='ocrx_word' id='word_1_207' title='bbox 1045 2871 1099 2932; x_wconf 94' lang='lat' dir='ltr'>dni</span> <span class='ocrx_word' id='word_1_208' title='bbox 1124 2869 1331 2933; x_wconf 86' lang='lat' dir='ltr'>admiserunt.</span> 
     </span>
    </p>
   </div>
   <div class='ocr_carea' id='block_1_5' title="bbox 445 3063 1155 3146">
    <p class='ocr_par' dir='ltr' id='par_1_5' title="bbox 445 3063 1155 3146">
     <span class='ocr_line' id='line_1_21' title="bbox 445 3063 1155 3146; baseline -0.003 -20"><span class='ocrx_word' id='word_1_209' title='bbox 445 3065 497 3127; x_wconf 89' lang='lat' dir='ltr'>A..</span> <span class='ocrx_word' id='word_1_210' title='bbox 518 3067 609 3144; x_wconf 90' lang='lat'>1448,</span> <span class='ocrx_word' id='word_1_211' title='bbox 633 3064 700 3127; x_wconf 92' lang='lat' dir='ltr'>Iulii</span> <span class='ocrx_word' id='word_1_212' title='bbox 725 3087 755 3146; x_wconf 91' lang='lat'>4,</span> <span class='ocrx_word' id='word_1_213' title='bbox 779 3066 811 3126; x_wconf 91' lang='lat' dir='ltr'>in</span> <span class='ocrx_word' id='word_1_214' title='bbox 836 3065 979 3145; x_wconf 88' lang='lat' dir='ltr'>capitulo</span> <span class='ocrx_word' id='word_1_215' title='bbox 1004 3063 1155 3146; x_wconf 90' lang='lat' dir='ltr'>generali.</span> 
     </span>
    </p>
   </div>
   <div class='ocr_carea' id='block_1_6' title="bbox 229 3203 1790 3825">
    <p class='ocr_par' dir='ltr' id='par_1_6' title="bbox 229 3203 1790 3825">
     <span class='ocr_line' id='line_1_22' title="bbox 338 3203 1790 3290; baseline -0.004 -19"><span class='ocrx_word' id='word_1_216' title='bbox 338 3203 426 3272; x_wconf 78' lang='lat'>355.</span> <span class='ocrx_word' id='word_1_217' title='bbox 459 3207 508 3289; x_wconf 90' lang='lat' dir='ltr'>(ll.</span> <span class='ocrx_word' id='word_1_218' title='bbox 539 3210 619 3288; x_wconf 89' lang='lat'>101).</span> <span class='ocrx_word' id='word_1_219' title='bbox 653 3209 734 3271; x_wconf 92' lang='lat' dir='ltr'>Item</span> <span class='ocrx_word' id='word_1_220' title='bbox 758 3219 895 3284; x_wconf 89' lang='lat' dir='ltr'>attent0,</span> <span class='ocrx_word' id='word_1_221' title='bbox 920 3207 1087 3290; x_wconf 90' lang='lat' dir='ltr'>quomodo</span> <span class='ocrx_word' id='word_1_222' title='bbox 1118 3226 1226 3269; x_wconf 92' lang='lat' dir='ltr'>vener.</span> <span class='ocrx_word' id='word_1_223' title='bbox 1251 3206 1332 3268; x_wconf 89' lang='lat' dir='ltr'>dnus</span> <span class='ocrx_word' id='word_1_224' title='bbox 1363 3203 1516 3266; x_wconf 89' lang='lat' dir='ltr'>Nicolaus</span> <span class='ocrx_word' id='word_1_225' title='bbox 1541 3203 1580 3264; x_wconf 91' lang='lat' dir='ltr'>de</span> <span class='ocrx_word' id='word_1_226' title='bbox 1604 3203 1790 3284; x_wconf 88' lang='lat' dir='ltr'>Nyewesch</span> 
     </span>
     <span class='ocr_line' id='line_1_23' title="bbox 231 3311 1789 3394; baseline -0.001 -19"><span class='ocrx_word' id='word_1_227' title='bbox 231 3314 434 3377; x_wconf 88' lang='lat' dir='ltr'>decretorum</span> <span class='ocrx_word' id='word_1_228' title='bbox 451 3315 568 3377; x_wconf 88' lang='lat' dir='ltr'>doctor</span> <span class='ocrx_word' id='word_1_229' title='bbox 584 3315 660 3378; x_wconf 79' lang='lat' dir='ltr'>duni</span> <span class='ocrx_word' id='word_1_230' title='bbox 677 3317 822 3379; x_wconf 88' lang='lat' dir='ltr'>stetisset</span> <span class='ocrx_word' id='word_1_231' title='bbox 839 3317 870 3378; x_wconf 93' lang='lat' dir='ltr'>in</span> <span class='ocrx_word' id='word_1_232' title='bbox 895 3315 1042 3379; x_wconf 89' lang='lat' dir='ltr'>studio</span> <span class='ocrx_word' id='word_1_233' title='bbox 1067 3314 1345 3386; x_wconf 85' lang='lat' dir='ltr'>Bononiensi,</span> <span class='ocrx_word' id='word_1_234' title='bbox 1370 3312 1424 3373; x_wconf 94' lang='lat' dir='ltr'>ubi</span> <span class='ocrx_word' id='word_1_235' title='bbox 1448 3311 1575 3391; x_wconf 89' lang='lat' dir='ltr'>accepit</span> <span class='ocrx_word' id='word_1_236' title='bbox 1599 3312 1789 3394; x_wconf 91' lang='lat' dir='ltr'>insignia</span> 
     </span>
     <span class='ocr_line' id='line_1_24' title="bbox 230 3419 1789 3505; baseline -0.001 -21"><span class='ocrx_word' id='word_1_237' title='bbox 230 3421 484 3496; x_wconf 74' lang='lat' dir='ltr'>doctoratus</span> <span class='ocrx_word' id='word_1_238' title='bbox 510 3423 633 3485; x_wconf 90' lang='lat' dir='ltr'>multa</span> <span class='ocrx_word' id='word_1_239' title='bbox 658 3424 792 3505; x_wconf 90' lang='lat' dir='ltr'>magis</span> <span class='ocrx_word' id='word_1_240' title='bbox 817 3443 891 3503; x_wconf 92' lang='lat' dir='ltr'>pro</span> <span class='ocrx_word' id='word_1_241' title='bbox 924 3423 1064 3504; x_wconf 87' lang='lat' dir='ltr'>gloria</span> <span class='ocrx_word' id='word_1_242' title='bbox 1092 3421 1214 3484; x_wconf 91' lang='lat' dir='ltr'>huius</span> <span class='ocrx_word' id='word_1_243' title='bbox 1245 3439 1402 3483; x_wconf 90' lang='lat' dir='ltr'>corone</span> <span class='ocrx_word' id='word_1_244' title='bbox 1427 3431 1460 3481; x_wconf 90' lang='lat' dir='ltr'>et</span> <span class='ocrx_word' id='word_1_245' title='bbox 1486 3440 1545 3500; x_wconf 89' lang='lat' dir='ltr'>pro</span> <span class='ocrx_word' id='word_1_246' title='bbox 1571 3419 1667 3482; x_wconf 90' lang='lat' dir='ltr'>laude</span> <span class='ocrx_word' id='word_1_247' title='bbox 1692 3419 1789 3482; x_wconf 90' lang='lat' dir='ltr'>eccle·</span> 
     </span>
     <span class='ocr_line' id='line_1_25' title="bbox 229 3527 1789 3610; baseline -0.003 -20"><span class='ocrx_word' id='word_1_248' title='bbox 229 3529 362 3602; x_wconf 89' lang='lat' dir='ltr'>siarum,</span> <span class='ocrx_word' id='word_1_249' title='bbox 387 3532 418 3591; x_wconf 93' lang='lat' dir='ltr'>in</span> <span class='ocrx_word' id='word_1_250' title='bbox 443 3530 559 3610; x_wconf 91' lang='lat' dir='ltr'>quibus</span> <span class='ocrx_word' id='word_1_251' title='bbox 584 3541 633 3594; x_wconf 91' lang='lat' dir='ltr'>est</span> <span class='ocrx_word' id='word_1_252' title='bbox 657 3529 851 3602; x_wconf 79' lang='lat' dir='ltr'>intitulatuS,</span> <span class='ocrx_word' id='word_1_253' title='bbox 880 3550 976 3610; x_wconf 91' lang='lat' dir='ltr'>quam</span> <span class='ocrx_word' id='word_1_254' title='bbox 1001 3549 1060 3610; x_wconf 93' lang='lat' dir='ltr'>pro</span> <span class='ocrx_word' id='word_1_255' title='bbox 1084 3530 1278 3591; x_wconf 88' lang='lat' dir='ltr'>necessitate</span> <span class='ocrx_word' id='word_1_256' title='bbox 1303 3547 1360 3590; x_wconf 89' lang='lat' dir='ltr'>sue</span> <span class='ocrx_word' id='word_1_257' title='bbox 1384 3546 1523 3607; x_wconf 90' lang='lat' dir='ltr'>persone</span> <span class='ocrx_word' id='word_1_258' title='bbox 1543 3528 1704 3608; x_wconf 88' lang='lat' dir='ltr'>exposuit,</span> <span class='ocrx_word' id='word_1_259' title='bbox 1729 3527 1789 3588; x_wconf 92' lang='lat' dir='ltr'>sibi</span> 
     </span>
     <span class='ocr_line' id='line_1_26' title="bbox 229 3633 1789 3716; baseline -0.001 -19"><span class='ocrx_word' id='word_1_260' title='bbox 229 3636 343 3698; x_wconf 91' lang='lat' dir='ltr'>horum</span> <span class='ocrx_word' id='word_1_261' title='bbox 380 3637 495 3700; x_wconf 90' lang='lat' dir='ltr'>intuitu</span> <span class='ocrx_word' id='word_1_262' title='bbox 530 3637 563 3699; x_wconf 91' lang='lat' dir='ltr'>X</span> <span class='ocrx_word' id='word_1_263' title='bbox 593 3657 725 3712; x_wconf 69' lang='lat' dir='ltr'>marcas</span> <span class='ocrx_word' id='word_1_264' title='bbox 764 3637 805 3698; x_wconf 93' lang='lat' dir='ltr'>ad</span> <span class='ocrx_word' id='word_1_265' title='bbox 841 3636 958 3699; x_wconf 80' lang='lat' dir='ltr'>festum</span> <span class='ocrx_word' id='word_1_266' title='bbox 994 3637 1123 3699; x_wconf 86' lang='lat' dir='ltr'>Martini</span> <span class='ocrx_word' id='word_1_267' title='bbox 1159 3637 1343 3716; x_wconf 88' lang='lat' dir='ltr'>proximum</span> <span class='ocrx_word' id='word_1_268' title='bbox 1375 3633 1554 3707; x_wconf 89' lang='lat' dir='ltr'>tollendas,</span> <span class='ocrx_word' id='word_1_269' title='bbox 1587 3634 1789 3696; x_wconf 87' lang='lat' dir='ltr'>donaverunt</span> 
     </span>
     <span class='ocr_line' id='line_1_27' title="bbox 230 3763 385 3825; baseline -0.013 -19"><span class='ocrx_word' id='word_1_270' title='bbox 230 3763 385 3825; x_wconf 82' lang='lat' dir='ltr'>graciose.</span> 
     </span>
    </p>
   </div>
   <div class='ocr_carea' id='block_1_7' title="bbox 442 3919 1159 4015">
    <p class='ocr_par' dir='ltr' id='par_1_7' title="bbox 442 3919 1159 4015">
     <span class='ocr_line' id='line_1_28' title="bbox 442 3919 1159 4015; baseline 0 -33"><span class='ocrx_word' id='word_1_271' title='bbox 442 3921 484 3982; x_wconf 88' lang='lat' dir='ltr'>A.</span> <span class='ocrx_word' id='word_1_272' title='bbox 518 3925 609 4001; x_wconf 89' lang='lat'>1448,</span> <span class='ocrx_word' id='word_1_273' title='bbox 636 3919 702 3983; x_wconf 92' lang='lat' dir='ltr'>lulii</span> <span class='ocrx_word' id='word_1_274' title='bbox 731 3937 759 4002; x_wconf 86' lang='lat'>5,</span> <span class='ocrx_word' id='word_1_275' title='bbox 783 3923 813 3983; x_wconf 95' lang='lat' dir='ltr'>in</span> <span class='ocrx_word' id='word_1_276' title='bbox 839 3922 982 4002; x_wconf 92' lang='lat' dir='ltr'>capitulo</span> <span class='ocrx_word' id='word_1_277' title='bbox 1006 3921 1159 4015; x_wconf 88' lang='lat' dir='ltr'>generali.</span> 
     </span>
    </p>
   </div>
   <div class='ocr_carea' id='block_1_8' title="bbox 225 4059 1788 4448">
    <p class='ocr_par' dir='ltr' id='par_1_8' title="bbox 225 4059 1788 4448">
     <span class='ocr_line' id='line_1_29' title="bbox 338 4059 1788 4145; baseline -0.003 -18"><span class='ocrx_word' id='word_1_278' title='bbox 338 4059 425 4128; x_wconf 79' lang='lat'>356.</span> <span class='ocrx_word' id='word_1_279' title='bbox 451 4064 502 4145; x_wconf 90' lang='lat' dir='ltr'>(ll.</span> <span class='ocrx_word' id='word_1_280' title='bbox 532 4064 626 4145; x_wconf 86' lang='lat'>101⁰).</span> <span class='ocrx_word' id='word_1_281' title='bbox 659 4063 741 4126; x_wconf 92' lang='lat' dir='ltr'>ltem</span> <span class='ocrx_word' id='word_1_282' title='bbox 774 4064 856 4125; x_wconf 91' lang='lat' dir='ltr'>dnus</span> <span class='ocrx_word' id='word_1_283' title='bbox 880 4063 1018 4126; x_wconf 87' lang='lat' dir='ltr'>Michael</span> <span class='ocrx_word' id='word_1_284' title='bbox 1053 4065 1235 4126; x_wconf 87' lang='lat' dir='ltr'>vicecustos</span> <span class='ocrx_word' id='word_1_285' title='bbox 1271 4062 1470 4144; x_wconf 87' lang='lat' dir='ltr'>presentavit</span> <span class='ocrx_word' id='word_1_286' title='bbox 1505 4059 1708 4143; x_wconf 85' lang='lat' dir='ltr'>vigintiduo</span> <span class='ocrx_word' id='word_1_287' title='bbox 1732 4081 1788 4122; x_wconf 95' lang='lat' dir='ltr'>vo.</span> 
     </span>
     <span class='ocr_line' id='line_1_30' title="bbox 227 4166 1787 4252; baseline -0.001 -22"><span class='ocrx_word' id='word_1_288' title='bbox 227 4169 347 4231; x_wconf 92' lang='lat' dir='ltr'>lumina</span> <span class='ocrx_word' id='word_1_289' title='bbox 370 4170 524 4232; x_wconf 90' lang='lat' dir='ltr'>inclusive</span> <span class='ocrx_word' id='word_1_290' title='bbox 555 4191 628 4232; x_wconf 91' lang='lat' dir='ltr'>cum</span> <span class='ocrx_word' id='word_1_291' title='bbox 660 4189 781 4252; x_wconf 88' lang='lat' dir='ltr'>magno</span> <span class='ocrx_word' id='word_1_292' title='bbox 813 4181 968 4234; x_wconf 87' lang='lat' dir='ltr'>sexterno</span> <span class='ocrx_word' id='word_1_293' title='bbox 999 4171 1031 4233; x_wconf 91' lang='lat' dir='ltr'>in</span> <span class='ocrx_word' id='word_1_294' title='bbox 1062 4190 1262 4252; x_wconf 85' lang='lat' dir='ltr'>pergameno</span> <span class='ocrx_word' id='word_1_295' title='bbox 1294 4169 1334 4231; x_wconf 93' lang='lat' dir='ltr'>de</span> <span class='ocrx_word' id='word_1_296' title='bbox 1365 4169 1453 4230; x_wconf 88' lang='lat' dir='ltr'>libris</span> <span class='ocrx_word' id='word_1_297' title='bbox 1486 4169 1561 4230; x_wconf 90' lang='lat' dir='ltr'>olim</span> <span class='ocrx_word' id='word_1_298' title='bbox 1587 4169 1641 4229; x_wconf 94' lang='lat' dir='ltr'>dni</span> <span class='ocrx_word' id='word_1_299' title='bbox 1665 4166 1787 4229; x_wconf 87' lang='lat' dir='ltr'>Czol-</span> 
     </span>
     <span class='ocr_line' id='line_1_31' title="bbox 225 4273 1785 4359; baseline -0.002 -22"><span class='ocrx_word' id='word_1_300' title='bbox 225 4276 378 4350; x_wconf 89' lang='lat' dir='ltr'>konis,</span> <span class='ocrx_word' id='word_1_301' title='bbox 403 4298 487 4359; x_wconf 90' lang='lat' dir='ltr'>quos</span> <span class='ocrx_word' id='word_1_302' title='bbox 510 4277 581 4338; x_wconf 90' lang='lat' dir='ltr'>vice</span> <span class='ocrx_word' id='word_1_303' title='bbox 604 4298 698 4340; x_wconf 88' lang='lat' dir='ltr'>versa</span> <span class='ocrx_word' id='word_1_304' title='bbox 721 4280 844 4358; x_wconf 90' lang='lat' dir='ltr'>recepit</span> <span class='ocrx_word' id='word_1_305' title='bbox 874 4277 916 4338; x_wconf 90' lang='lat' dir='ltr'>ad</span> <span class='ocrx_word' id='word_1_306' title='bbox 939 4277 1137 4350; x_wconf 88' lang='lat' dir='ltr'>thezaurum,</span> <span class='ocrx_word' id='word_1_307' title='bbox 1169 4287 1202 4339; x_wconf 90' lang='lat' dir='ltr'>et</span> <span class='ocrx_word' id='word_1_308' title='bbox 1225 4277 1308 4338; x_wconf 89' lang='lat' dir='ltr'>dnus</span> <span class='ocrx_word' id='word_1_309' title='bbox 1340 4275 1492 4339; x_wconf 88' lang='lat' dir='ltr'>Clemens</span> <span class='ocrx_word' id='word_1_310' title='bbox 1523 4275 1646 4357; x_wconf 87' lang='lat' dir='ltr'>recepit</span> <span class='ocrx_word' id='word_1_311' title='bbox 1669 4273 1785 4335; x_wconf 86' lang='lat' dir='ltr'>librum</span> 
     </span>
     <span class='ocr_line' id='line_1_32' title="bbox 225 4382 968 4448; baseline 0.001 -3"><span class='ocrx_word' id='word_1_312' title='bbox 225 4382 266 4445; x_wconf 91' lang='lat' dir='ltr'>de</span> <span class='ocrx_word' id='word_1_313' title='bbox 290 4384 456 4447; x_wconf 87' lang='lat' dir='ltr'>medicinis</span> <span class='ocrx_word' id='word_1_314' title='bbox 480 4385 540 4448; x_wconf 91' lang='lat' dir='ltr'>sub</span> <span class='ocrx_word' id='word_1_315' title='bbox 564 4386 720 4447; x_wconf 88' lang='lat' dir='ltr'>caucione</span> <span class='ocrx_word' id='word_1_316' title='bbox 744 4386 968 4448; x_wconf 90' lang='lat' dir='ltr'>restitucionis.</span> 
     </span>
    </p>
   </div>
   <div class='ocr_carea' id='block_1_9' title="bbox 439 4577 1058 4661">
    <p class='ocr_par' dir='ltr' id='par_1_9' title="bbox 439 4577 1058 4661">
     <span class='ocr_line' id='line_1_33' title="bbox 439 4577 1058 4661; baseline 0 -21"><span class='ocrx_word' id='word_1_317' title='bbox 439 4577 482 4642; x_wconf 84' lang='grc' dir='ltr'>Α.</span> <span class='ocrx_word' id='word_1_318' title='bbox 513 4583 605 4658; x_wconf 88' lang='lat'>1448,</span> <span class='ocrx_word' id='word_1_319' title='bbox 629 4579 772 4661; x_wconf 86' lang='lat' dir='ltr'>Augusti</span> <span class='ocrx_word' id='word_1_320' title='bbox 798 4595 825 4658; x_wconf 86' lang='lat'>3,</span> <span class='ocrx_word' id='word_1_321' title='bbox 850 4580 881 4640; x_wconf 94' lang='lat' dir='ltr'>in</span> <span class='ocrx_word' id='word_1_322' title='bbox 906 4578 1058 4660; x_wconf 92' lang='lat' dir='ltr'>capitulo.</span> 
     </span>
    </p>
   </div>
   <div class='ocr_carea' id='block_1_10' title="bbox 222 4717 1786 5125">
    <p class='ocr_par' dir='ltr' id='par_1_10' title="bbox 222 4717 1786 5125">
     <span class='ocr_line' id='line_1_34' title="bbox 335 4717 1786 4804; baseline -0.004 -21"><span class='ocrx_word' id='word_1_323' title='bbox 335 4717 422 4786; x_wconf 75' lang='lat'>357.</span> <span class='ocrx_word' id='word_1_324' title='bbox 448 4721 498 4804; x_wconf 89' lang='lat' dir='ltr'>(l.</span> <span class='ocrx_word' id='word_1_325' title='bbox 529 4723 610 4800; x_wconf 87' lang='lat'><em>102).</em></span> <span class='ocrx_word' id='word_1_326' title='bbox 636 4721 783 4783; x_wconf 90' lang='lat' dir='ltr'>..Rmus</span> <span class='ocrx_word' id='word_1_327' title='bbox 807 4731 900 4802; x_wconf 87' lang='lat' dir='ltr'>pater</span> <span class='ocrx_word' id='word_1_328' title='bbox 923 4721 1004 4782; x_wconf 93' lang='lat' dir='ltr'>dnus</span> <span class='ocrx_word' id='word_1_329' title='bbox 1036 4721 1127 4802; x_wconf 89' lang='lat' dir='ltr'>Epus</span> <span class='ocrx_word' id='word_1_330' title='bbox 1151 4739 1279 4781; x_wconf 90' lang='lat' dir='ltr'>necnon</span> <span class='ocrx_word' id='word_1_331' title='bbox 1303 4739 1412 4782; x_wconf 88' lang='lat' dir='ltr'>vener.</span> <span class='ocrx_word' id='word_1_332' title='bbox 1438 4719 1492 4780; x_wconf 93' lang='lat' dir='ltr'>dni</span> <span class='ocrx_word' id='word_1_333' title='bbox 1516 4727 1636 4790; x_wconf 73' lang='lat' dir='ltr'>custos</span> <span class='ocrx_word' id='word_1_334' title='bbox 1662 4725 1786 4790; x_wconf 89' lang='lat' dir='ltr'>cantor,</span> 
     </span>
     <span class='ocr_line' id='line_1_35' title="bbox 227 4823 1786 4908; baseline -0.004 -18"><span class='ocrx_word' id='word_1_335' title='bbox 227 4827 388 4901; x_wconf 80' lang='lat' dir='ltr'>officialis,</span> <span class='ocrx_word' id='word_1_336' title='bbox 414 4828 547 4901; x_wconf 90' lang='lat' dir='ltr'>Hector,</span> <span class='ocrx_word' id='word_1_337' title='bbox 573 4827 733 4900; x_wconf 90' lang='lat' dir='ltr'>Clemens,</span> <span class='ocrx_word' id='word_1_338' title='bbox 758 4824 920 4891; x_wconf 92' lang='lat' dir='ltr'>Iohannes</span> <span class='ocrx_word' id='word_1_339' title='bbox 937 4827 978 4890; x_wconf 93' lang='lat' dir='ltr'>de</span> <span class='ocrx_word' id='word_1_340' title='bbox 993 4828 1148 4908; x_wconf 90' lang='lat' dir='ltr'>Popowo,</span> <span class='ocrx_word' id='word_1_341' title='bbox 1165 4826 1412 4906; x_wconf 74' lang='lat' dir='ltr'>Twardowsley,</span> <span class='ocrx_word' id='word_1_342' title='bbox 1429 4824 1654 4906; x_wconf 88' lang='lat' dir='ltr'>Sandivogius,</span> <span class='ocrx_word' id='word_1_343' title='bbox 1672 4823 1786 4886; x_wconf 88' lang='lat' dir='ltr'>Czacz-</span> 
     </span>
     <span class='ocr_line' id='line_1_36' title="bbox 224 4929 1786 5017; baseline -0.003 -20"><span class='ocrx_word' id='word_1_344' title='bbox 224 4935 294 5016; x_wconf 84' lang='lat' dir='ltr'>sky,</span> <span class='ocrx_word' id='word_1_345' title='bbox 320 4934 476 5016; x_wconf 77' lang='lat' dir='ltr'>Chibsley,</span> <span class='ocrx_word' id='word_1_346' title='bbox 501 4935 716 5017; x_wconf 82' lang='lat' dir='ltr'>Rogalinsky,</span> <span class='ocrx_word' id='word_1_347' title='bbox 752 4935 900 5017; x_wconf 84' lang='lat' dir='ltr'>Skotsky</span> <span class='ocrx_word' id='word_1_348' title='bbox 935 4935 1174 5017; x_wconf 90' lang='lat' dir='ltr'>deputaverunt</span> <span class='ocrx_word' id='word_1_349' title='bbox 1209 4933 1292 4996; x_wconf 93' lang='lat' dir='ltr'>dnos</span> <span class='ocrx_word' id='word_1_350' title='bbox 1326 4933 1491 5012; x_wconf 85' lang='lat' dir='ltr'>Czaczsky</span> <span class='ocrx_word' id='word_1_351' title='bbox 1521 4943 1554 4993; x_wconf 92' lang='lat' dir='ltr'>et</span> <span class='ocrx_word' id='word_1_352' title='bbox 1578 4929 1786 5013; x_wconf 86' lang='lat' dir='ltr'>Rogalinsky</span> 
     </span>
     <span class='ocr_line' id='line_1_37' title="bbox 222 5042 1120 5125; baseline 0.003 -22"><span class='ocrx_word' id='word_1_353' title='bbox 222 5042 415 5106; x_wconf 89' lang='lat' dir='ltr'>collectores</span> <span class='ocrx_word' id='word_1_354' title='bbox 439 5043 647 5125; x_wconf 88' lang='lat' dir='ltr'>pecuniarum</span> <span class='ocrx_word' id='word_1_355' title='bbox 672 5043 703 5106; x_wconf 92' lang='lat' dir='ltr'>in</span> <span class='ocrx_word' id='word_1_356' title='bbox 727 5043 816 5106; x_wconf 91' lang='lat' dir='ltr'>clero</span> <span class='ocrx_word' id='word_1_357' title='bbox 841 5063 903 5125; x_wconf 90' lang='lat' dir='ltr'>pro</span> <span class='ocrx_word' id='word_1_358' title='bbox 928 5043 993 5104; x_wconf 93' lang='lat' dir='ltr'>dno</span> <span class='ocrx_word' id='word_1_359' title='bbox 1017 5043 1120 5124; x_wconf 87' lang='lat' dir='ltr'>Rege.</span> 
     </span>
    </p>
   </div>
   <div class='ocr_carea' id='block_1_11' title="bbox 437 5235 1095 5319">
    <p class='ocr_par' dir='ltr' id='par_1_11' title="bbox 437 5235 1095 5319">
     <span class='ocr_line' id='line_1_38' title="bbox 437 5235 1095 5319; baseline 0 -21"><span class='ocrx_word' id='word_1_360' title='bbox 437 5235 482 5298; x_wconf 88' lang='lat' dir='ltr'>A.</span> <span class='ocrx_word' id='word_1_361' title='bbox 512 5237 611 5316; x_wconf 89' lang='lat'>1448,</span> <span class='ocrx_word' id='word_1_362' title='bbox 635 5235 780 5319; x_wconf 84' lang='lat' dir='ltr'>Augusti</span> <span class='ocrx_word' id='word_1_363' title='bbox 810 5237 863 5312; x_wconf 90' lang='lat'>16,</span> <span class='ocrx_word' id='word_1_364' title='bbox 888 5237 919 5298; x_wconf 93' lang='lat' dir='ltr'>in</span> <span class='ocrx_word' id='word_1_365' title='bbox 943 5235 1095 5317; x_wconf 81' lang='lat' dir='ltr'>capitulo,</span> 
     </span>
    </p>
   </div>
   <div class='ocr_carea' id='block_1_12' title="bbox 223 5373 1784 5678">
    <p class='ocr_par' dir='ltr' id='par_1_12' title="bbox 223 5373 1784 5678">
     <span class='ocr_line' id='line_1_39' title="bbox 332 5373 1784 5463; baseline -0.006 -18"><span class='ocrx_word' id='word_1_366' title='bbox 332 5373 421 5446; x_wconf 84' lang='lat'>358.</span> <span class='ocrx_word' id='word_1_367' title='bbox 445 5379 493 5462; x_wconf 88' lang='grc' dir='ltr'><strong>(ΙΙ.</strong></span> <span class='ocrx_word' id='word_1_368' title='bbox 523 5381 594 5463; x_wconf 90' lang='lat'>102)</span> <span class='ocrx_word' id='word_1_369' title='bbox 609 5428 639 5443; x_wconf 93' lang='lat'>..</span> <span class='ocrx_word' id='word_1_370' title='bbox 664 5380 785 5443; x_wconf 87' lang='lat' dir='ltr'>Vener.</span> <span class='ocrx_word' id='word_1_371' title='bbox 810 5380 865 5443; x_wconf 89' lang='lat' dir='ltr'>dni</span> <span class='ocrx_word' id='word_1_372' title='bbox 889 5390 1012 5455; x_wconf 85' lang='lat' dir='ltr'>cantor,</span> <span class='ocrx_word' id='word_1_373' title='bbox 1037 5389 1161 5453; x_wconf 88' lang='lat' dir='ltr'>custos,</span> <span class='ocrx_word' id='word_1_374' title='bbox 1185 5377 1442 5458; x_wconf 77' lang='lat' dir='ltr'>Praszmowslcy,</span> <span class='ocrx_word' id='word_1_375' title='bbox 1466 5375 1627 5451; x_wconf 84' lang='lat' dir='ltr'>officialis,</span> <span class='ocrx_word' id='word_1_376' title='bbox 1652 5375 1784 5450; x_wconf 88' lang='lat' dir='ltr'>Hector,</span> 
     </span>
     <span class='ocr_line' id='line_1_40' title="bbox 223 5481 1784 5568; baseline -0.003 -20"><span class='ocrx_word' id='word_1_377' title='bbox 223 5485 390 5559; x_wconf 89' lang='lat' dir='ltr'>Clemens,</span> <span class='ocrx_word' id='word_1_378' title='bbox 415 5487 571 5562; x_wconf 88' lang='lat' dir='ltr'>Furman,</span> <span class='ocrx_word' id='word_1_379' title='bbox 597 5486 844 5568; x_wconf 85' lang='lat' dir='ltr'>Twardowsky,</span> <span class='ocrx_word' id='word_1_380' title='bbox 868 5487 1017 5560; x_wconf 89' lang='lat' dir='ltr'>Mathias,</span> <span class='ocrx_word' id='word_1_381' title='bbox 1042 5486 1222 5558; x_wconf 87' lang='lat' dir='ltr'>Miroslaus,</span> <span class='ocrx_word' id='word_1_382' title='bbox 1246 5485 1392 5558; x_wconf 88' lang='lat' dir='ltr'>Viscota,</span> <span class='ocrx_word' id='word_1_383' title='bbox 1417 5483 1592 5556; x_wconf 88' lang='lat' dir='ltr'>Sbiluthus,</span> <span class='ocrx_word' id='word_1_384' title='bbox 1619 5481 1784 5561; x_wconf 82' lang='lat' dir='ltr'>Czaczsky</span> 
     </span>
     <span class='ocr_line' id='line_1_41' title="bbox 223 5590 1782 5678; baseline -0.003 -22"><span class='ocrx_word' id='word_1_385' title='bbox 223 5593 384 5658; x_wconf 83' lang='lat' dir='ltr'>Iohannes</span> <span class='ocrx_word' id='word_1_386' title='bbox 409 5595 449 5656; x_wconf 92' lang='lat' dir='ltr'>de</span> <span class='ocrx_word' id='word_1_387' title='bbox 465 5594 624 5678; x_wconf 83' lang='lat' dir='ltr'>Popowo,</span> <span class='ocrx_word' id='word_1_388' title='bbox 647 5593 865 5678; x_wconf 87' lang='lat' dir='ltr'>Sandivogius</span> <span class='ocrx_word' id='word_1_389' title='bbox 881 5594 1038 5658; x_wconf 87' lang='lat' dir='ltr'>Skothski</span> <span class='ocrx_word' id='word_1_390' title='bbox 1057 5594 1300 5667; x_wconf 87' lang='lat' dir='ltr'>concluserunt,</span> <span class='ocrx_word' id='word_1_391' title='bbox 1326 5593 1414 5674; x_wconf 91' lang='lat' dir='ltr'>quod</span> <span class='ocrx_word' id='word_1_392' title='bbox 1430 5590 1548 5654; x_wconf 92' lang='lat' dir='ltr'>abhinc</span> <span class='ocrx_word' id='word_1_393' title='bbox 1565 5601 1597 5654; x_wconf 90' lang='lat' dir='ltr'>et</span> <span class='ocrx_word' id='word_1_394' title='bbox 1614 5591 1782 5652; x_wconf 89' lang='lat' dir='ltr'>decursum</span> 
     </span>
    </p>
   </div>
   <div class='ocr_carea' id='block_1_13' title="bbox 0 0 2234 6356">
    <p class='ocr_par' dir='ltr' id='par_1_13' title="bbox 0 0 2234 6356">
     <span class='ocr_line' id='line_1_42' title="bbox 0 0 2234 6356; baseline 0 4"><span class='ocrx_word' id='word_1_395' title='bbox 0 0 2234 6356; x_wconf 95' lang='lat' dir='ltr'> </span> 
     </span>
    </p>
   </div>
  </div>
 </body>
</html>
