4416 6366
910 569 1000 620 ANNI
1019 565 1097 622 1459.
1719 581 1775 631 101

229 787 468 851 restitucionem
493 783 613 846 realem
645 802 716 844 cum
742 781 858 844 effectu
885 780 946 844 sub
972 800 1062 886 pena
1093 777 1450 853 excommunicacionis,
1482 799 1578 860 quam
1610 781 1784 863 episcopus

230 896 260 958 in
285 915 357 958 eum
387 894 468 956 serre
501 893 630 974 poterit,
661 901 811 954 cessante
846 887 989 971 qualibe‘t
1023 886 1265 970 appellacione;
1298 887 1352 968 qui
1383 886 1409 950 si
1441 907 1511 949 eam
1543 888 1782 969 interposuerit,

227 1001 402 1084 capitulum
427 1003 495 1064 eius
518 999 734 1081 appellacioni
758 997 880 1083 deferre
905 1017 970 1058 non
994 995 1133 1066 debebit,
1158 995 1244 1077 quod
1262 997 1288 1058 si
1304 993 1462 1068 detulerit,
1485 995 1525 1056 ad
1544 995 1782 1059 satisfacionem

227 1111 397 1181 tenebitur,
422 1109 462 1172 ad
487 1129 583 1191 quam
608 1107 777 1189 appellans
800 1107 978 1181 tenebatur,
1004 1106 1061 1167 nisi
1083 1113 1160 1166 tunc
1175 1112 1341 1166 constaret
1357 1102 1398 1164 de
1415 1102 1587 1166 manifesto
1603 1113 1637 1166 et
1653 1106 1782 1168 notorio

228 1221 414 1302 gravamine
439 1239 496 1299 per
520 1217 711 1296 episcopum
736 1214 898 1276 racionem
929 1212 1057 1275 facienti
1088 1210 1186 1286 illato,
1219 1211 1259 1272 de
1290 1230 1357 1291 quo
1388 1211 1576 1291 gravamine
1607 1211 1781 1292 capitulum

228 1347 427 1410 cognoscere
452 1324 590 1394 debebit,
615 1323 683 1384 aliis
707 1321 800 1401 penis
823 1321 897 1383 iuris
921 1331 954 1382 et
977 1329 1172 1382 statutomrn
1197 1315 1439 1399 provincialium
1456 1327 1570 1380 contra
1586 1329 1780 1399 usurpantes

230 1435 317 1498 bona
340 1433 547 1496 ecclesiarum
571 1430 760 1496 vacancium
785 1429 816 1490 in
841 1449 900 1491 suo
925 1428 1043 1496 robore
1066 1425 1235 1488 duraturis.

336 1576 418 1640 Item
457 1577 482 1638 si
521 1572 772 1636 administratori
810 1573 913 1634 visum
952 1571 1045 1633 suerit
1083 1568 1224 1650 aliquem
1261 1585 1431 1648 perperam
1470 1575 1503 1629 et
1542 1565 1694 1630 inutiliter
1728 1577 1784 1631 aut

229 1685 410 1765 dampnose
433 1683 657 1744 administrare
681 1681 768 1742 bona
792 1699 904 1741 mense
936 1676 1140 1758 episcopalis,
1170 1674 1291 1737 habeat
1320 1675 1448 1756 plenam
1478 1683 1678 1754 potestatem
1701 1675 1783 1737 aufe-

228 1790 319 1854 rendi
342 1791 428 1852 dicta
452 1790 539 1850 bona
563 1808 675 1851 mense
699 1797 731 1850 et
756 1807 795 1849 ea
818 1785 964 1848 tradendi
988 1786 1019 1846 in
1040 1784 1313 1866 gubernacionem
1338 1779 1429 1844 alteri
1454 1781 1494 1844 de
1511 1781 1635 1858 gremio
1652 1781 1782 1863 capituli

228 1899 346 1961 idoneo
371 1917 432 1978 pro
455 1895 738 1958 administracione
763 1893 939 1956 eorundem
963 1892 1134 1954 bonorum.

335 2039 458 2101 Actum
494 2048 526 2101 et
561 2039 672 2102 datum
707 2037 933 2099 Lancicie
969 2035 1071 2115 prima
1105 2031 1156 2094 die
1191 2031 1351 2094 dominica
1385 2041 1463 2112 post
1497 2029 1614 2094 festum
1646 2031 1677 2094 b.
1709 2029 1779 2094 Viti

229 2147 367 2209 martiris
387 2145 432 2228 (d.
457 2161 496 2225 17
518 2145 618 2222 lunii)
642 2144 683 2206 A.
708 2144 749 2206 D.
773 2142 1000 2207 MCCCCLIX
1023 2151 1084 2204 etc.

337 2287 593 2370 Quibusquidem
629 2288 759 2351 statutis
794 2286 959 2368 premissis
993 2284 1096 2346 Rmus
1131 2291 1225 2364 pater
1258 2281 1342 2344 dnus
1376 2279 1527 2342 Andreas
1563 2280 1593 2342 d.
1630 2301 1661 2362 g.
1694 2281 1785 2361 Epus

229 2395 368 2457 Poznan.
401 2395 442 2457 de
465 2415 626 2458 consensu
658 2396 863 2457 dominorum
895 2392 1188 2474 suprascriptorum
1219 2389 1351 2470 capituli
1383 2387 1522 2450 Poznan.
1554 2388 1783 2464 auctoritatem

229 2503 422 2564 ordinariam
446 2504 640 2584 interposuit
663 2513 696 2565 et
720 2503 894 2576 decretum,
919 2500 1097 2563 decernens
1121 2518 1160 2561 ea
1183 2496 1304 2559 habere
1320 2496 1418 2558 robur
1434 2504 1467 2557 et
1483 2493 1676 2568 firmitatem,
1701 2496 1784 2558 sicut

230 2609 291 2671 alia
315 2619 438 2672 statuta
461 2610 564 2671 iurata
593 2609 728 2672 ecclesie
760 2609 907 2687 Poznan,
944 2607 1167 2686 mandansque
1202 2602 1297 2666 michi
1330 2602 1465 2664 Andree
1497 2602 1538 2664 de
1571 2601 1783 2666 Polanovicze

229 2719 357 2780 notario
380 2717 511 2798 capituli
534 2715 673 2782 Poznan.
699 2717 842 2797 presenti
867 2714 1033 2778 matricule
1049 2713 1144 2776 inseri
1166 2722 1199 2775 et
1215 2711 1352 2783 inscribi,
1377 2709 1470 2772 dictis
1486 2709 1625 2772 dominis
1641 2710 1783 2790 capitulo

229 2824 367 2886 Poznan.
391 2823 674 2887 consencientibus
698 2835 731 2886 et
754 2824 796 2886 ad
820 2825 977 2906 premissa
1000 2821 1108 2884 omnia
1132 2831 1237 2884 ratum
1260 2817 1454 2881 habentibus
1486 2838 1524 2879 ac
1554 2817 1639 2880 dicta
1662 2827 1782 2882 statuta

229 2931 490 3014 approbantibus
514 2942 546 2994 et
570 2931 826 3013 acceptantibus.

445 3143 487 3206 A.
517 3157 608 3224 1459,
632 3143 700 3206 Iulii
723 3162 753 3223 4,
778 3143 809 3205 111
834 3143 976 3224 capitulo
1001 3139 1154 3224 generali.

339 3281 427 3350 517.
453 3285 502 3366 (11.
528 3286 653 3365 2170)..
679 3285 799 3349 Vener.
826 3296 935 3366 patres
959 3295 992 3347 et
1015 3284 1069 3345 dni
1094 3281 1231 3344 lacobus
1254 3280 1452 3350 scolasticus,
1476 3279 1637 3342 lohannes
1661 3279 1785 3342 cancel·

232 3392 336 3462 larius,
368 3393 564 3455 Vincencius
588 3392 832 3455 archidiaconus
856 3392 1064 3464 Pczewensis,
1089 3387 1237 3460 Mathias,
1263 3388 1422 3456 Clemens,
1446 3387 1694 3466 Twardowsky,
1718 3387 1783 3448 Ro·

231 3500 390 3581 galinsky‚
421 3499 617 3580 Wyskotha,
648 3499 873 3580 Sandivogius,
906 3498 1060 3579 Chibsky,
1093 3497 1230 3559 lacobus
1254 3496 1295 3557 de
1320 3494 1480 3566 Dambn0,
1513 3492 1718 3555 Bernhardus
1742 3494 1783 3556 de

230 3607 437 3678 Bruczkowo
463 3606 639 3689 Gregorius
664 3608 704 3669 de
728 3607 852 3687 Slroky,
885 3606 1021 3668 lacobus
1054 3605 1094 3666 de
1126 3604 1332 3684 Wigonowo,
1365 3600 1526 3663 Iohannes
1558 3601 1598 3662 de
1629 3599 1783 3681 Popowo

231 3715 355 3777 Hector
379 3714 419 3776 de
442 3714 632 3795 Pyesczyno
657 3725 689 3778 et
713 3713 851 3776 lacobus
874 3713 915 3775 de
937 3712 1082 3774 lablowo
1107 3711 1221 3791 prelati
1254 3721 1286 3772 et
1313 3709 1460 3771 canonici
1484 3707 1620 3770 ecclesie
1642 3707 1781 3769 Poznan.

230 3821 447 3902 capitulariter
470 3823 662 3902 congregati
687 3821 727 3882 ad
752 3822 1047 3901 peticionem
1079 3819 1155 3880 dni
1187 3819 1334 3899 Regis
1366 3816 1426 3878 sibi
1458 3816 1569 3878 decem
1595 3833 1719 3876 marcas
1743 3814 1784 3876 de

231 3931 374 4010 pecuniis
398 3949 575 4008 capparum
600 3949 659 4008 per
683 3948 796 3990 manus
827 3927 881 3989 dni
909 3926 1056 4007 Chibsky
1088 3926 1127 3988 de
1158 3927 1266 4008 gracia
1298 3924 1509 3993 donaverunt,
1542 3922 1615 3983 loco
1648 3941 1782 4002 quarum

230 4037 422 4117 quantocius
446 4037 617 4116 reposituri
641 4044 715 4097 sunt
739 4035 770 4098 X
794 4055 918 4098 marcas
942 4034 982 4096 de
1006 4034 1149 4114 pecuniis
1173 4031 1394 4095 refectionum.

443 4245 487 4307 A.
516 4261 608 4326 1459,
632 4245 776 4328 Augusti
801 4263 851 4322 21,
875 4246 907 4308 in
931 4245 1083 4326 capitulo

339 4384 426 4452 518.
451 4387 497 4468 (11.
522 4388 595 4458 2181
610 4434 638 4450 ..
662 4388 783 4450 Vener.
809 4398 918 4468 patres
943 4398 975 4450 et
999 4387 1052 4448 dni
1066 4435 1091 4450 ..
1116 4385 1336 4466 capitulariter
1360 4385 1551 4467 congregati
1574 4385 1657 4447 dnos
1680 4383 1785 4447 Stani·

230 4497 333 4558 slaum
351 4496 391 4556 de
407 4495 660 4575 Dobyeschewo
685 4505 718 4556 et
742 4493 938 4557 Stanislaum
963 4495 1003 4556 de
1026 4494 1144 4574 Mlyny
1167 4494 1342 4555 canonicos
1365 4492 1406 4554 ad
1429 4493 1782 4555 convencionem

231 4605 412 4683 proximam
437 4602 469 4662 in
493 4601 732 4681 Pyotrkow
757 4601 908 4663 indictam
933 4602 1034 4664 ituros
1058 4621 1130 4663 cum
1154 4600 1240 4662 Rmo
1255 4648 1282 4663 ..
1307 4600 1372 4662 dno
1396 4599 1531 4661 Andrea
1553 4600 1628 4680 Epo
1652 4599 1781 4679 deputa·

231 4721 314 4783 runt,
339 4709 456 4790 quibus
480 4719 513 4772 et
537 4708 668 4771 cuilibet
691 4728 803 4772 eorum
827 4708 860 4770 V
884 4727 1007 4770 marcas
1032 4710 1253 4788 assignarunt;
1285 4728 1361 4769 casu
1384 4727 1472 4780 vero,
1497 4727 1564 4789 quo
1587 4707 1669 4768 dnus
1693 4705 1784 4787 Epus

230 4838 295 4878 non
320 4817 479 4890 transiret,
511 4826 631 4879 extunc
656 4818 693 4890 ei,
725 4836 820 4896 quem
844 4815 927 4878 dnus
950 4816 1041 4896 Epus
1064 4815 1138 4876 loco
1162 4815 1210 4877 sui
1234 4815 1350 4876 iturum
1375 4813 1587 4893 deputaverit,
1619 4833 1716 4874 unum
1741 4813 1782 4875 de

230 4924 324 4986 dictis
348 4923 512 5004 deputatis
535 4923 759 4986 adiunxerunt.
784 4923 864 4986 Item
888 4923 993 4985 bullas
1016 4933 1158 4985 retentas
1176 4919 1217 4984 'et
1241 4921 1390 5001 proxime
1413 4921 1487 4984 dnis
1510 4920 1636 4984 custodi
1660 4929 1692 4984 et
1715 4921 1784 4982 aliis

230 5050 303 5093 cum
327 5051 367 5092 eo
391 5030 433 5092 ad
457 5031 555 5092 dnum
580 5031 686 5110 Epum
711 5031 892 5093 transituris
916 5030 983 5092 dari
1007 5029 1243 5092 concluserunt.

444 5241 488 5304 A.
518 5256 609 5321 1459,
634 5193 778 5324 Augusti
802 5244 853 5314 28,
878 5241 909 5302 in
933 5240 1085 5322 capitulo.

340 5379 428 5448 519.
461 5384 511 5466 (11.
539 5383 640 5462 218⁰).
680 5383 762 5446 Item
787 5383 906 5446 ibidem
931 5383 971 5443 ad
996 5382 1254 5464 postulacionem
1278 5401 1386 5444 vener.
1411 5382 1468 5443 viri
1493 5381 1547 5443 dni
1571 5379 1647 5482 Ade
1671 5379 1783 5442 decani

230 5491 336 5553 eidem
360 5491 481 5554 bullam
506 5491 566 5554 sub
590 5491 684 5554 titulo
708 5491 784 5552 olim
809 5491 863 5552 dni
887 5491 1016 5552 lllartini
1040 5511 1126 5570 pape
1150 5510 1210 5570 pro
1235 5489 1396 5550 nobilibus
1429 5501 1462 5550 et
1493 5488 1562 5550 aliis
1592 5490 1623 5549 iu
1656 5487 1782 5550 faculta-

231 5597 318 5662 tibus
341 5599 458 5660 creatis
481 5597 523 5660 ad
546 5597 715 5662 ecclesiam
740 5596 972 5680 promovendis
996 5596 1037 5660 ad
1062 5595 1171 5658 fideles
1196 5615 1309 5658 manus
1334 5595 1541 5668 tradiderunt,
1565 5596 1609 5658 ita
1624 5594 1782 5670 videlicet,
