4416 6366
823 603 1003 658 4111101011
1024 599 1208 658 trus-trae
1756 607 1795 688 35

989 695 1797 708 ...———-·-.-·----—.---——-—-—--—.

454 819 497 882 A.
525 833 625 900 1453,
648 818 841 882 Decembris
865 833 894 900 7,
919 820 951 881 in
974 818 1125 900 capitulo.

346 957 434 1026 422.
459 961 508 1042 (ΙΙ.
540 961 637 1044 156⁰).
663 961 724 1025 Die
748 961 928 1026 Veneris..
952 981 1061 1024 vener.
1086 961 1169 1024 dnus
1193 961 1331 1024 lacobus
1355 961 1560 1025 decretorum
1577 961 1694 1025 doctor
1715 964 1796 1025 vica·

238 1067 303 1130 rius
327 1069 359 1130 in
382 1065 609 1150 Spiritualibus
633 1079 667 1132 et
690 1067 835 1132 officialis
858 1069 971 1151 vigore
994 1069 1232 1132 commissionis
1249 1070 1302 1130 dni
1320 1068 1382 1150 Epi
1399 1070 1475 1143 sibi,
1500 1081 1535 1132 ut
1559 1069 1695 1140 dicebat.
1720 1070 1793 1133 vive

240 1174 330 1237 vocis
354 1175 486 1237 oraculo
510 1175 595 1238 facte
618 1187 651 1238 ct
675 1177 715 1238 de
739 1177 876 1238 sciencia
912 1176 1043 1258 capituli
1074 1176 1242 1256 suspendit
1276 1175 1375 1238 dnum
1406 1174 1567 1240 Sbilutum
1603 1178 1794 1238 canonicum

238 1282 281 1344 ab
304 1281 456 1345 omnibus
480 1283 708 1347 resectionibus
732 1303 851 1364 panum
876 1293 909 1347 et
933 1283 1158 1364 pecuniarum,
1182 1283 1287 1344 donec
1312 1282 1455 1364 perfecte
1480 1283 1609 1347 sciverit
1632 1283 1742 1365 legere
1762 1294 1795 1346 et

243 1389 422 1471 intelligere
445 1409 604 1453 canonem
628 1393 735 1454 misse.

451 1583 492 1647 A.
522 1599 613 1664 1454,
638 1584 806 1648 Februarii
830 1599 859 1664 7,
883 1585 916 1646 in
940 1584 1093 1665 capitulo.

346 1723 436 1792 423.
462 1726 510 1808 (ll.
539 1727 626 1810 157⁰)
641 1775 671 1790 ..
700 1725 820 1788 Vener.
846 1737 956 1807 patres
980 1736 1012 1789 et
1036 1727 1090 1788 dni
1105 1775 1132 1790 ..
1157 1736 1349 1808 receperunt
1372 1727 1470 1789 dnum
1495 1727 1628 1789 Paulum
1653 1726 1693 1788 de
1718 1724 1793 1789 Gra·

236 1832 335 1896 bowo
357 1834 398 1895 ad
423 1835 641 1913 provisionem
667 1845 699 1898 11
720 1835 995 1916 presentationem
1031 1835 1086 1896 dni
1121 1833 1222 1915 Regis
1257 1833 1288 1894 in
1324 1835 1514 1896 canonicum
1548 1835 1636 1898 etin
1661 1833 1793 1896 fratrem

239 1949 317 2020 post
339 1951 478 2004 mortem
503 1942 580 2004 olim
605 1941 659 2003 dni
682 1940 866 2022 Wyschote
890 1941 1047 2022 prepositi
1071 1933 1143 2002 cum
1168 1940 1367 2022 plenitudine
1391 1941 1466 2003 iuris
1491 1943 1637 2004 canonici
1662 1951 1695 2004 et
1719 1961 1793 2022 pos-

240 2049 437 2124 sessionem,
461 2059 616 2130 quantum
642 2049 674 2110 in
696 2048 773 2130 ipsis
798 2048 870 2122 luit,
895 2049 1158 2130 assignaverunt,
1184 2047 1274 2111 salvo
1300 2049 1367 2109 iure
1384 2047 1515 2112 alterius
1531 2051 1792 2130 cuiuscunque..

449 2242 492 2306 A.
525 2256 614 2323 1454,
639 2242 806 2304 Februarii
831 2244 859 2315 8,
884 2242 915 2303 in
939 2242 1090 2322 capitulo.

343 2380 432 2450 424.
458 2385 505 2465 (ll.
535 2384 621 2465 1570)
637 2432 666 2446 ..
690 2383 826 2446 Nobiles
850 2385 908 2446 viri
931 2382 1111 2448 Stanislaus
1135 2382 1267 2446 Swinlrn
1287 2384 1319 2445 in
1336 2382 1563 2464 Pobyedziska
1579 2395 1613 2447 et
1628 2383 1790 2446 Iohannes

236 2489 455 2554 lablonowski
480 2492 511 2553 in
535 2491 696 2553 Poznania
720 2490 887 2573 burgrabii
918 2492 1135 2572 promiserunt
1159 2500 1192 2553 et
1215 2490 1349 2571 polliciti
1381 2501 1456 2554 sunt
1480 2491 1540 2553 sub
1564 2490 1708 2572 periculo
1732 2490 1791 2553 ho-

237 2598 324 2660 noris
348 2607 380 2661 et
404 2609 482 2662 nota
506 2598 634 2661 insamie
659 2609 692 2661 et
716 2598 777 2660 sub
800 2600 944 2660 censuris
968 2598 1201 2670 ecclesiasticis,
1230 2597 1345 2678 quibus
1369 2619 1404 2660 sc
1428 2609 1547 2678 sponte
1570 2599 1791 2671 subdiderunt,

235 2704 323 2784 quod
346 2704 420 2766 hinc
443 2705 485 2767 ad
509 2716 586 2768 octo
610 2706 678 2768 dies
694 2705 781 2768 bona
801 2717 835 2768 et
851 2707 1077 2786 possessiones
1094 2705 1298 2786 prepositure
1314 2705 1464 2778 Poznau„
1481 2727 1544 2786 que
1560 2716 1636 2786 post
1652 2715 1791 2767 mortem

235 2811 290 2872 dni
313 2811 496 2892 Wyschote
520 2814 677 2893 prepositi
701 2813 841 2876 Poznan.
867 2824 1118 2893 occupaverunt,
1146 2813 1309 2875 dimittent
1333 2823 1366 2874 et
1390 2813 1562 2875 restituent
1586 2813 1617 2874 in
1641 2812 1790 2874 manibus

234 2918 371 2981 dnorum
394 2919 525 3000 capituli
549 2919 698 2996 Poznan,
722 2921 927 3001 presentibus
950 2920 1050 2982 nobili
1074 2919 1355 2983 Dzeczmarowslri
1379 2929 1412 2982 11
1435 2919 1544 2982 multis
1566 2919 1645 2982 aliis.
1709 3008 1711 3014 y

446 3113 489 3178 A.
519 3129 615 3195 1454,
640 3113 764 3196 Aprilis
789 3133 824 3189 2,
850 3117 881 3178 in
905 3117 1058 3198 capitulo.

340 3251 430 3320 425.
457 3255 507 3338 (11.
537 3259 652 3336 158)..
677 3255 797 3320 Vener.
823 3268 932 3338 patres
957 3258 1022 3340 [dni
1047 3257 1161 3338 prelati
1185 3265 1217 3320 et
1242 3257 1399 3338 canonici]
1414 3305 1442 3319 ..
1475 3265 1667 3337 receperunt
1690 3255 1789 3317 dnum

161 3362 164 3369 '
232 3362 375 3425 Urielem
398 3365 429 3424 in
455 3365 656 3443 prepositum
680 3375 756 3443 post
781 3375 918 3427 mortem
943 3365 998 3427 dni
1022 3363 1213 3444 Wyschote,
1239 3365 1307 3426 visa
1332 3365 1536 3426 institucione
1560 3363 1621 3426 sub
1646 3361 1744 3424 titulo
1757 3373 1790 3424 et

230 3469 336 3549 sigillo
360 3469 415 3531 dni
437 3469 563 3532 Nicolai
587 3471 627 3532 de
652 3469 869 3534 Glambocecz
892 3471 1003 3534 iudicis
1028 3492 1085 3552 per
1109 3471 1230 3533 Rmunr
1255 3481 1381 3551 patrem
1406 3471 1505 3532 dnum
1538 3467 1717 3532 Iohannem
1742 3491 1788 3531 ar-

232 3576 382 3657 chiepum
405 3579 436 3639 in
461 3579 525 3639 vim
549 3578 782 3658 appellacionis
807 3579 948 3661 delegati
973 3579 1014 3641 ad
1031 3581 1312 3660 presentacionem
1337 3578 1391 3640 dni
1415 3577 1563 3659 Regis
1587 3578 1789 3653 institutum;

232 3684 314 3746 dnus
339 3683 449 3746 Adam
472 3685 559 3748 cavit
582 3705 642 3766 pro
666 3706 780 3767 cappa.

444 3877 487 3944 A.
516 3892 615 3959 1454,
638 3879 719 3942 lunii
744 3896 794 3954 21,
817 3880 849 3941 in
873 3879 1026 3960 capitulo.

337 4015 426 4096 426.
452 4019 499 4102 (ll.
529 4019 609 4101 159).
634 4021 695 4082 Die
720 4020 899 4084 Veneris..
923 4041 1030 4084 vener.
1056 4021 1109 4084 dni
1133 4022 1288 4085 Nicolaus
1319 4023 1470 4094 decanus,
1502 4021 1657 4084 Nicolaus
1687 4019 1787 4082 archi·

230 4127 394 4200 diaconus,
418 4127 662 4204 Praszrnowski,
686 4127 839 4202 officialis,
864 4129 997 4204 Hector,
1019 4129 1179 4204 Clemens,
1195 4129 1332 4192 Iacobus
1349 4129 1585 4211 Wigonowski,
1602 4128 1786 4190 Twardow-

231 4233 280 4295 ski
304 4235 456 4314 cantavit,
481 4233 622 4297 Mathias
645 4235 818 4317 Wyskote,
843 4234 1018 4306 Sbiluthus,
1043 4237 1216 4318 Czaczsky‚
1242 4236 1397 4316 Chibsky,
1422 4233 1630 4318 Rogalinsky
1652 4236 1787 4297 recessit

229 4361 330 4403 asuo
354 4351 443 4412 voto,
480 4341 670 4422 Pythowski
701 4354 734 4405 et
767 4341 877 4404 Adam
910 4343 1157 4422 postulaverunt
1182 4344 1348 4423 expectari
1371 4343 1411 4406 ad
1435 4343 1610 4423 capitulum
1636 4341 1787 4423 generale

230 4467 322 4528 prox.
346 4447 423 4510 visis
446 4457 479 4510 et
502 4448 673 4511 intellectis
698 4449 812 4512 litteris
835 4449 1037 4512 inhibicionis
1062 4451 1115 4512 dni
1140 4450 1285 4532 Regis
1309 4471 1406 4532 super
1426 4451 1631 4531 prepositura
1647 4448 1785 4510 Poznan.

229 4555 315 4635 ipsis,
339 4565 373 4618 et
395 4555 457 4616 alia
480 4555 623 4618 mandati
646 4555 781 4617 Iohanni
806 4553 1038 4638 lablonowsky
1063 4557 1237 4638 burgrabio
1262 4557 1403 4620 Poznan.
1427 4558 1570 4638 scriptis,
1602 4556 1684 4618 dnus
1707 4573 1786 4616 vero

228 4660 375 4743 Raphael
410 4661 617 4742 Tarnowsky
652 4663 826 4724 canonicus
850 4662 940 4726 Crac.
967 4673 1000 4726 et
1024 4663 1154 4726 Lancic.
1180 4664 1385 4727 ecclesiarum
1411 4663 1486 4726 fecit
1509 4663 1784 4744 protestacionem

228 4789 324 4850 super
348 4768 468 4831 eisdem
492 4769 606 4832 litteris
631 4781 663 4832 et
687 4771 898 4851 responsione
926 4770 1079 4844 dnorum,
1116 4773 1170 4852 qui
1202 4783 1290 4834 metu
1322 4773 1503 4834 amissionis
1535 4771 1712 4842 bonorum,
1745 4769 1786 4830 de

229 4897 293 4958 quo
326 4876 358 4937 in
389 4875 502 4938 litteris
533 4875 707 4958 regalibus,
739 4879 964 4957 recepcionem
998 4878 1038 4940 de
1070 4878 1135 4956 dno
1166 4879 1304 4941 Nicolao
1328 4877 1505 4960 Spiczimiri
1529 4878 1559 4939 in
1584 4875 1785 4958 prepositum

227 5003 286 5064 pro
320 4981 380 5045 hac
415 4983 485 5046 vice
520 4983 713 5047 distulerunt
744 4984 785 5046 ad
809 4985 994 5065 capitulum,
1032 4985 1116 5048 facta
1150 4987 1401 5067 protestacione‚
1437 4985 1524 5066 quod
1555 4983 1669 5046 volunt
1696 5002 1784 5044 reve-

227 5099 334 5154 renter
357 5091 472 5172 exequi
498 5090 651 5153 mandata
674 5090 855 5172 apostolica
879 5112 939 5172 pro
964 5092 1018 5154 illo
1043 5104 1192 5174 tempore
1215 5091 1345 5155 sublato
1369 5093 1457 5156 dicto
1482 5101 1578 5163 metu,
1602 5091 1629 5152 si
1645 5088 1785 5162 tolletur,

225 5207 258 5260 et
281 5196 394 5260 habito
418 5197 558 5279 desuper
581 5207 720 5260 tractatu
744 5217 817 5259 cum
841 5197 907 5260 dno
930 5199 1013 5280 Ep0,
1038 5211 1071 5262 et
1088 5197 1312 5261 nichilominus
1329 5221 1348 5261 a
1364 5219 1519 5280 processu
1539 5196 1714 5260 monitorio
1730 5195 1785 5256 dni

224 5304 359 5385 Sbignei
392 5303 562 5367 cardinalis
586 5303 669 5367 tituli
693 5303 726 5367 S.
750 5303 859 5368 Prisce
890 5305 952 5386 Epi
984 5305 1075 5368 Crac.
1108 5307 1292 5368 executoris
1321 5307 1497 5369 litterarum
1532 5303 1784 5386 apostolicarum

225 5411 386 5492 penisque
409 5421 443 5474 et
466 5412 610 5474 censuris
633 5412 664 5472 in
688 5411 804 5473 eodem
828 5414 990 5477 contentis
1014 5424 1047 5476 et
1070 5413 1209 5476 serendis
1233 5414 1404 5494 protestati
1428 5423 1503 5475 sunt
1526 5412 1567 5474 de
1586 5408 1784 5491 appellando

225 5519 267 5580 ad
291 5515 404 5581 Srnum
429 5519 460 5580 in
485 5519 615 5582 Christo
640 5529 710 5594 etc.¹
734 5518 853 5583 Sedem
876 5520 1108 5601 apostolicam;
1141 5521 1347 5602 presentibus
1378 5521 1444 5583 dno
1475 5519 1613 5582 Nicolao
1641 5517 1784 5579 altarista

226 5627 258 5688 in
282 5625 452 5702 Poznania,
476 5625 612 5690 Andrea
635 5625 662 5688 F
665 5626 757 5688 olker
780 5627 820 5692 de
844 5625 1006 5694 Poznania
1029 5637 1062 5694 et
1078 5627 1202 5690 Mathia
1220 5629 1428 5709 campanario
1445 5629 1476 5690 in
1493 5627 1629 5693 ecclesia
1645 5625 1787 5700 clericis3
