4416 6366
398 584 458 649 150
893 569 988 618 ACTA
1006 568 1170 620 CAPITULI
1189 567 1443 619 POZNANIENSIS

394 662 539 670 ————-
547 661 941 669 ——--.-——---—
1372 660 1945 668 .-—-—--—-.----„-.--———-—-———

391 782 569 844 extendere
593 793 626 844 et
649 781 728 844 alias
752 782 794 844 ab
818 783 965 864 ingressu
997 781 1128 864 capituli
1160 793 1193 844 et
1223 781 1375 844 omnibus
1407 780 1642 846 releccionibus
1673 780 1889 863 suspendere,
1921 781 1947 844 si

390 899 424 952 et
447 891 479 952 in
504 900 661 972 quantum
684 889 767 952 inter
790 909 825 952 se
848 909 915 952 non
939 891 1138 952 cessaverint
1162 889 1379 971 obprobriose
1401 889 1501 952 verba
1526 887 1669 970 prolerre
1694 899 1727 952 et
1744 909 1779 952 30
1795 887 1945 951 hincinde

392 1010 581 1078 provocare.

606 1174 648 1236 A.
676 1191 754 1252 1491
800 1173 997 1236 Novembris
1027 1177 1080 1245 18,
1105 1175 1137 1236 10
1161 1173 1304 1255 capitulo
1327 1173 1478 1256 generali.

500 1311 586 1380 807.
611 1316 664 1396 (V.
689 1315 764 1396 20⁰).
788 1311 1025 1378 Statutum
1051 1316 1091 1378 dc
1115 1316 1330 1379 studentibus.
1352 1352 1389 1360 —
1408 1313 1532 1378 Ibidem
1557 1314 1611 1378 dni
1635 1315 1779 1398 capitulo
1802 1315 1945 1398 generali

392 1422 529 1486 durante
554 1423 738 1496 voluerunt,
763 1433 797 1486 ut
821 1433 979 1486 statutum
1004 1423 1045 1484 de
1070 1423 1276 1486 studentibus
1301 1443 1366 1486 non
1389 1422 1587 1506 intelligatur
1609 1423 1746 1486 Rome
1773 1442 1946 1485 manen-

390 1530 533 1606 tibus,
565 1531 639 1612 quia
664 1539 696 1592 et
720 1529 912 1610 plerumque
936 1531 1070 1604 videtur,
1094 1532 1148 1611 qui
1165 1531 1305 1594 Romam
1330 1531 1466 1606 vadunt,
1491 1551 1556 1592 non
1581 1532 1706 1612 precise
1730 1531 1771 1592 ad
1795 1529 1945 1604 studium,

390 1637 448 1700 sed
472 1637 512 1698 ad
537 1637 668 1718 propria
691 1637 742 1699 vel
766 1637 870 1699 aliena
894 1640 1029 1718 negocia
1053 1637 1255 1701 sollicitanda
1279 1659 1314 1700 se
1338 1637 1551 1710 transferunt,
1576 1650 1608 1702 et
1632 1639 1845 1714 decreverunt
1868 1637 1944 1700 illud

391 1753 548 1806 statutum
574 1746 744 1826 corrigere.

604 1937 648 2000 A.
678 1955 775 2016 1491,
800 1937 997 2002 Novembris
1022 1941 1079 2012 28,
1104 1939 1134 2000 in
1159 1938 1302 2018 capitulo
1325 1937 1477 2019 generali.

498 2076 586 2144 808.
611 2080 663 2160 (V.
690 2081 759 2160 20⁰)
784 2079 876 2142 Dnus
900 2080 1009 2144 Adam
1033 2081 1175 2146 decanus
1192 2081 1287 2144 iaciat
1304 2081 1506 2164 diligenciam
1524 2081 1555 2142 in
1573 2081 1739 2164 querendo
1756 2080 1944 2154 kmethonc,

390 2187 445 2268 qui
469 2185 578 2268 fugam
603 2187 691 2249 dedit
717 2187 757 2249 de
781 2187 856 2250 villa
880 2188 1011 2268 capituli
1032 2186 1223 2252 Gluchouo,

498 2325 584 2394 809.
608 2329 659 2411 (V.
677 2331 738 2410 21).
763 2329 886 2392 Ibidem
903 2329 958 2392 dni
975 2331 1208 2394 mandaverunt
1225 2329 1302 2392 dare
1318 2329 1385 2394 dno
1403 2330 1537 2393 Iohanni
1554 2330 1594 2393 de
1612 2329 1798 2412 Obornylry
1816 2331 1944 2394 notario

390 2436 451 2518 Epi
476 2457 536 2518 per
559 2437 657 2499 dnum
682 2449 926 2520 procuratorem
950 2437 1081 2518 capituli
1106 2457 1202 2500 unam
1227 2457 1368 2500 marcam
1394 2459 1454 2520 pro
1478 2439 1649 2518 scriptura,
1681 2458 1755 2500 cera
1778 2459 1816 2500 ac
1840 2440 1943 2501 serico

390 2545 567 2608 litterarum
584 2544 773 2606 donacionis
789 2543 949 2608 lertonum
967 2545 1170 2610 decimalium
1188 2566 1246 2626 per
1263 2545 1361 2608 dnum
1379 2545 1486 2626 Epum
1504 2545 1642 2610 Poznan.
1656 2545 1850 2608 donatorum
1863 2544 1942 2608 dnis.

601 2737 643 2800 A.
673 2755 770 2818 1492,
795 2737 960 2802 Februarii
985 2756 1042 2818 29,
1067 2739 1098 2804 in
1122 2739 1275 2820 capitulo.

493 2877 582 2946 810.
619 2881 673 2960 (V.
698 2881 802 2962 22⁰)..
826 2882 948 2944 Vener.
973 2893 1006 2946 et
1030 2883 1180 2966 egregius
1203 2883 1250 2946 vir
1273 2881 1356 2946 dnus
1380 2881 1518 2946 lacobus
1541 2883 1706 2963 Boxycza,
1735 2883 1938 2946 decretorum

386 2987 503 3051 doctor
528 2985 639 3050 Gnezn
675 2999 707 3050 01
732 2987 869 3052 Poznan.
893 2989 1100 3052 ecclesiarum
1126 2991 1314 3062 canonicus,
1347 2999 1538 3070 procurator
1567 3009 1676 3052 vener.
1711 2989 1767 3052 dni
1790 2989 1940 3053 Iohannis

386 3094 427 3156 de
451 3094 563 3158 Lasko
587 3095 733 3156 canonici
758 3093 958 3159 Gneanensis
973 3145 997 3158 ..
1022 3107 1138 3159 tenens
1161 3098 1227 3159 suis
1251 3097 1400 3160 manibus
1424 3097 1548 3160 litteras
1572 3096 1802 3176 provisionis..
1827 3097 1938 3158 Rmi..

387 3201 504 3264 Urielis
528 3201 557 3264 d.
581 3224 611 3284 g.
636 3201 697 3282 Epi
723 3201 950 3265 Poznaniensis
965 3252 991 3266 ..
1022 3223 1158 3286 quarum
1192 3207 1304 3285 vigore
1328 3223 1435 3265 vener.
1457 3203 1540 3266 dnos
1563 3203 1735 3266 Nicolaum
1759 3205 1799 3266 de
1821 3203 1939 3266 Scudla

387 3307 646 3371 archidiaconum
672 3307 912 3386 Srzemensem,
944 3311 1097 3374 vicarium
1128 3312 1159 3372 in
1183 3309 1408 3392 Spiritualibus
1432 3321 1465 3372 et
1489 3309 1659 3372 officialem
1683 3309 1821 3372 Poznan.
1846 3331 1940 3392 gene·

390 3415 507 3492 ralem,
539 3415 715 3478 Iohannem
741 3417 781 3478 de
805 3417 953 3480 Lulrowo
978 3417 1215 3488 cancellarium,
1248 3417 1425 3480 Hectorem
1457 3417 1498 3480 de
1529 3418 1733 3498 Cozymyno,
1765 3417 1936 3479 Martinum

388 3523 428 3584 de
453 3521 667 3594 Dambrowa,
693 3521 907 3586 Laurencium
931 3525 971 3586 dc
995 3523 1226 3606 Grodzyczsko
1251 3537 1284 3588 et
1310 3525 1487 3588 iohannem
1504 3525 1545 3588 de
1561 3525 1780 3588 Brostbkoivo
1797 3523 1939 3606 prelatos

387 3641 421 3692 ct
445 3631 622 3692 canonicos
645 3629 782 3693 ecclesie
805 3630 945 3694 Poznan.
970 3631 1153 3713 prelatos„
1183 3633 1363 3712 requisivit,
1395 3635 1545 3714 quatinus
1577 3631 1737 3714 prelatum
1762 3631 1938 3693 Iohannem

386 3737 427 3798 de
458 3737 569 3799 Lasho
599 3738 639 3798 ad
673 3738 872 3819 prebendam
908 3759 966 3820 per
999 3739 1132 3802 liberam
1168 3740 1425 3820 resignacioncm
1461 3739 1515 3802 dni
1546 3740 1699 3802 Iohannis
1722 3738 1940 3818 Rzeszewsky

386 3841 583 3928 [vacantem]
609 3847 641 3907 in
664 3847 855 3909 canonicum
880 3847 1061 3929 reciperent
1086 3858 1118 3910 et
1142 3846 1272 3909 fratrem
1297 3859 1358 3910 etc.

601 4039 642 4103 A.
673 4057 771 4118 1492,
797 4039 902 4102 Martii
932 4043 988 4116 18„
1013 4041 1043 4102 in
1068 4039 1219 4121 capitulo.

494 4178 580 4246 811.
617 4181 667 4262 (V.
694 4183 770 4263 23⁰).
808 4181 868 4244 Die
899 4181 1024 4246 Solis..
1054 4183 1157 4246 Rmus
1186 4195 1278 4265 pater
1302 4183 1385 4246 dnus
1408 4184 1513 4266 Epus,
1537 4205 1646 4246 vener.
1672 4184 1725 4246 dni
1751 4183 1939 4264 Lukowslry

386 4287 609 4363 cancellarius,
634 4289 861 4371 Rogalynslry,
886 4290 1017 4363 Hector,
1043 4289 1217 4371 Czaczslry,
1243 4289 1383 4370 Gorslry,
1408 4291 1578 4364 Martinus,
1596 4289 1796 4372 Stephanus,
1813 4289 1939 4360 Scudla,

386 4394 588 4476 Caesselslry,
621 4393 863 4477 Grodzyczsky,
896 4397 1175 4478 lirzosthkowsky
1207 4399 1247 4460 ad
1273 4399 1468 4480 peticionem
1499 4398 1575 4460 Rmi
1599 4398 1656 4460 dni
1679 4398 1742 4480 Epi
1767 4409 1800 4460 et
1824 4398 1938 4460 intuitu

385 4521 442 4564 sue
467 4501 551 4564 Rme
575 4503 642 4565 Ptis
666 4503 764 4565 dnum
789 4503 957 4566 Andrcam
982 4503 1228 4586 Goluchowslry
1257 4506 1382 4585 pridem
1414 4505 1493 4568 alias
1524 4525 1718 4588 suspensum
1742 4503 1938 4568 admiserunt

385 4609 427 4670 ad
462 4608 638 4689 capitulum
674 4621 707 4674 et
741 4610 783 4672 ad
817 4631 933 4674 omncs
970 4611 1217 4676 distribuciones
1253 4623 1319 4675 tam
1355 4611 1569 4674 releccionum
1605 4623 1639 4676 et
1673 4632 1807 4693 panum,
1844 4631 1937 4693 quam

385 4717 611 4799 exequialium.

599 4894 644 4958 A.
673 4911 771 4974 1492,
797 4895 873 4958 Maii
899 4912 948 4974 30,
972 4897 1004 4957 in
1029 4895 1180 4976 capitulo.

493 5032 579 5101 812.
603 5037 655 5118 Ν.
682 5037 743 5118 24).
768 5037 849 5101 11001
873 5038 1110 5118 deputaverunt
1135 5038 1218 5101 dnos
1242 5039 1420 5126 Hectorem
1444 5049 1477 5102 et
1501 5037 1736 5122 Grodzyczsky
1755 5048 1937 5121 procurato

385 5163 451 5206 rem
476 5145 516 5206 ad
540 5144 806 5226 conspiciendum
830 5145 1013 5226 oppidanos
1038 5147 1069 5208 iu
1093 5145 1324 5227 Walyschcwo
1349 5159 1381 5210 et
1405 5146 1538 5210 Ostrow
1562 5149 1593 5208 10
1617 5147 1726 5210 armis

598 5338 641 5402 A.
671 5357 768 5417 1492,
792 5337 874 5400 Iunii
900 5357 950 5418 30,
976 5341 1007 5402 in
1032 5339 1175 5422 capitulo
1195 5341 1347 5424 generali.

492 5478 580 5547 813.
606 5481 656 5564 (V.
674 5481 751 5555 26⁰).
776 5481 1049 5563 Capitulum
1074 5483 1302 5566 generale
1326 5503 1387 5564 pro
1403 5482 1489 5547 festo
1505 5483 1537 5546 b.
1554 5483 1639 5546 Petri
1656 5493 1689 5546 et
1705 5483 1793 5546 Pauli
1809 5491 1936 5565 aposto·

385 5589 488 5654 lorum
524 5600 692 5655 tentum..
728 5591 760 5651 in
791 5590 961 5674 presencia
995 5590 1071 5653 Rmi
1105 5590 1160 5653 dni
1191 5591 1310 5654 Urielis
1345 5591 1376 5654 d.
1407 5611 1438 5676 g.
1471 5591 1534 5676 Epi
1565 5591 1705 5655 Poznan.
1739 5611 1849 5657 vener.
1884 5589 1936 5652 dni
1968 5667 1972 5674 ⁶
