4458 6356
420 575 436 649 3
440 587 462 649 4
918 563 1012 620 ACTA
1031 569 1194 622 CAPITULI
1212 563 1467 622 POZNANIENSIS

417 663 452 668 ..-
463 661 731 668 Ἤρ...-
1002 659 1144 669 ——ss—
1155 663 1231 668 ——.-
1239 664 1243 668 -
1268 664 1461 669 -—---—
1506 663 1730 670 -—-—---.--.-..-.
1742 656 1812 671 -μω
1822 662 1967 672 ...ῳ-μψ-..ι

415 783 532 846 relictis
557 803 661 863 neque
686 782 769 844 datis
794 781 963 857 recedunt,
988 783 1131 846 ecclesiis
1149 784 1244 864 igitur
1261 784 1512 864 metropolitane
1529 781 1728 858 Gneznensi,
1753 785 1970 862 Cracoviensi,

416 889 675 952 Wladislaviensi
699 899 732 952 et
756 889 825 954 aliis
848 889 1101 965 cathedralibus,
1132 891 1164 952 in
1189 890 1306 971 quibus
1329 901 1520 954 consuetum
1544 901 1595 954 est
1618 893 1730 972 copias
1755 893 1866 956 talium
1889 893 1969 956 litte·

412 1017 519 1059 rarum
544 1017 603 1077 pro
626 996 856 1059 informacione
879 997 1011 1079 capituli
1033 997 1221 1078 relinquere,
1252 1018 1287 1060 se
1311 997 1513 1061 conformare
1541 1001 1697 1072 volentes,
1727 1009 1910 1062 statuerunt
1934 1009 1967 1062 et

415 1105 659 1178 ordinaverunt,
684 1103 771 1186 quod
797 1106 1080 1187 quocienscunque
1104 1116 1137 1167 et
1161 1125 1353 1186 quecunque
1388 1125 1528 1186 persone
1563 1105 1781 1168 ecclesiastice
1805 1107 1857 1169 vel
1882 1126 1972 1168 mun-

415 1211 498 1273 dane
522 1230 594 1272 cum
619 1210 733 1274 litteris
757 1211 938 1274 huiusmodi
962 1212 1004 1274 ad
1029 1212 1226 1274 monendum
1250 1223 1283 1274 et
1308 1212 1531 1293 requirendum
1561 1213 1736 1295 capitulum
1760 1213 1915 1295 deinceps
1939 1225 1972 1276 et

416 1318 568 1380 decetero
591 1317 747 1392 venerint,
772 1319 884 1398 copias
909 1339 1038 1400 semper
1061 1320 1203 1401 capitulo
1227 1319 1303 1382 dare
1326 1329 1359 1381 et
1383 1320 1562 1401 relinquere
1578 1330 1757 1383 teneantur.

628 1537 671 1601 A.
702 1552 800 1619 1435,
824 1537 948 1620 Aprilis
977 1556 1031 1618 13,
1056 1541 1087 1602 in
1112 1539 1263 1621 capitulo.

525 1677 608 1746 165.
644 1681 676 1763 (l.
707 1681 820 1760 151)..
844 1679 963 1744 Vener.
994 1693 1027 1744 et
1058 1681 1170 1746 honor.
1204 1683 1318 1746 dnis..
1344 1681 1475 1762 prelatis
1500 1691 1532 1744 et
1556 1681 1719 1744 canonicis
1755 1681 1964 1764 congregatis

414 1787 527 1850 honor.
553 1789 601 1852 vir
631 1788 714 1850 dnus
745 1787 885 1850 Mathias
916 1789 956 1851 de
992 1789 1173 1870 Chlapowo
1208 1791 1381 1852 canonicus
1415 1789 1554 1851 Poznan.
1591 1789 1743 1852 exhibitis
1778 1789 1970 1871 quibusdam

415 1895 621 1976 processibus
644 1896 725 1958 sacri
748 1895 950 1958 concilii
986 1897 1279 1960 Basiliensis
1310 1917 1368 1978 per
1392 1893 1490 1958 dnum
1515 1895 1685 1958 Nicolaum
1713 1896 1835 1958 Lubicz
1858 1896 1971 1958 collec·
2028 1975 2032 1984 Ι

414 2014 519 2066 torem
555 2023 663 2084 gener.
694 2013 808 2064 contra
839 2023 912 2064 eum
944 2024 1003 2083 pro
1028 2003 1354 2066 contribucione
1378 2003 1503 2066 emissis
1527 2022 1545 2063 a
1568 2003 1661 2066 dictis
1685 2003 1757 2065 dnis
1782 2003 1913 2085 prelatis
1938 2015 1971 2065 et

413 2110 575 2172 canonicis
599 2109 731 2172 consilia
755 2109 976 2186 salubriasibi
1000 2131 1098 2190 super
1121 2111 1285 2190 premissis
1309 2110 1435 2189 preberi
1460 2107 1614 2194 [petivit].
1641 2111 1694 2190 qui
1718 2110 1772 2172 dni
1796 2110 1910 2190 prelati
1936 2121 1969 2172 et

414 2217 580 2288 canonici,
605 2217 766 2298 peticione
790 2217 932 2280 eiusdem
957 2217 1011 2279 dni
1036 2218 1157 2280 Mathie
1181 2217 1326 2279 canonici
1356 2217 1465 2278 audita
1488 2227 1521 2280 et
1544 2227 1692 2298 recepta,
1728 2218 1967 2298 responderunt

412 2324 500 2405 quod
524 2323 798 2406 quemadmodum
823 2324 959 2387 ecclesia
988 2325 1241 2406 metropolitana
1272 2321 1488 2394 Gneznensis‚
1525 2323 1764 2398 CracoviensiS,
1800 2323 1969 2386 Wladisla·

411 2433 529 2494 viensis
553 2441 586 2494 et
609 2431 670 2494 alie
694 2431 830 2494 ecclesie
852 2430 1054 2495 cathedrales
1079 2433 1110 2494 in
1134 2434 1272 2513 negocio
1304 2433 1447 2512 presenti
1478 2431 1598 2495 faciunt
1629 2453 1684 2494 seu
1709 2431 1841 2502 sacient,
1866 2433 1909 2493 ita
1933 2451 1969 2493 se

412 2539 513 2600 eciam
538 2539 689 2602 dixerunt
712 2538 862 2602 facturos

623 2733 665 2796 A.
697 2748 788 2814 1435,
813 2731 937 2814 Aprilis
961 2734 1011 2808 26,
1035 2733 1243 2816 incapitulo.

523 2871 607 2938 166.
633 2875 667 2956 (l.
698 2877 814 2958 151⁰)..
846 2875 928 2938 ltem
952 2875 1069 2937 ibidem
1086 2875 1243 2938 discretus
1267 2875 1349 2936 dnus
1368 2873 1533 2955 Johannes
1557 2873 1722 2938 Czebullra
1745 2876 1968 2956 procuratorio

411 2982 540 3043 nomine
565 2981 628 3044 Rdi
652 2984 752 3063 patris
774 2983 830 3044 dni
854 2981 1003 3044 Stanislai
1021 2983 1082 3062 Epi
1099 2981 1238 3045 Poznan.
1256 2984 1475 3064 praescriptos
1492 2981 1583 3054 dnos,
1609 3002 1734 3043 necnon
1753 2983 1964 3062 prepositum,

411 3090 566 3150 decanum
591 3110 628 3150 ac
652 3100 757 3152 totum
782 3089 957 3169 capitulum
982 3091 1094 3170 vigore
1119 3091 1294 3152 litterarum
1319 3090 1400 3152 sacri
1432 3090 1633 3151 concilii
1670 3089 1967 3152 Basiliensis

411 3217 472 3276 pro
498 3195 593 3259 MCD
617 3199 732 3259 marcis
756 3197 929 3260 occasione
951 3197 1111 3259 bonorum
1144 3217 1255 3259 mense
1286 3197 1481 3278 episcopalis
1512 3197 1589 3258 sede
1612 3207 1749 3259 vacante
1773 3217 1831 3278 per
1855 3197 1968 3258 disere.

411 3313 481 3365 tum
506 3303 605 3365 dnum
622 3302 655 3384 (i)
681 3313 819 3384 protunc
850 3303 1114 3366 ebdomadarium
1140 3303 1229 3366 chori
1253 3307 1377 3367 monuit
1401 3315 1442 3367 et
1457 3305 1622 3385 requisivit
1647 3305 1678 3365 in
1702 3305 1767 3366 vim
1792 3305 1967 3366 citaeionis.

410 3409 454 3472 Et
478 3410 597 3472 ibidem
622 3410 704 3473 dnus
724 3411 889 3490 Johannes
913 3409 940 3472 F
943 3430 1055 3472 urman
1079 3411 1194 3492 petivit
1218 3412 1345 3491 copiam
1371 3411 1548 3474 litterarum
1565 3411 1739 3473 earundem
1757 3411 1817 3473 sub
1833 3411 1964 3491 publica

409 3537 505 3578 manu
529 3517 589 3580 sibi
613 3517 682 3578 dari
705 3528 737 3580 et
762 3517 890 3579 decerni
914 3519 1045 3579 nomine
1069 3517 1215 3598 capituli;
1240 3518 1453 3598 presentibus.

624 3736 667 3800 A.
699 3751 799 3817 1435,
822 3737 898 3799 Maii
920 3755 960 3817 4,
984 3738 1015 3800 in
1039 3737 1191 3818 capitulo.

520 3875 604 3944 167.
642 3880 674 3955 sl.
705 3880 822 3960 152)..
849 3879 912 3940 Dni
944 3879 1058 3959 prelati
1090 3890 1122 3942 et
1153 3879 1339 3942 canonici..
1371 3900 1470 3960 super
1505 3879 1711 3942 semidecima
1745 3879 1885 3960 inposita
1910 3899 1968 3958 per

409 4007 534 4050 sacrum
559 3985 1137 4060 conciliumrBasiliensm
1168 4007 1267 4066 super
1290 4007 1354 4067 qua
1378 3987 1461 4050 dnus
1492 3988 1535 4048 hl.
1560 3985 1768 4067 Chlapowslzi
1793 3985 1966 4048 subcollec-

407 4105 461 4158 tor
483 4093 626 4156 eiusdem
651 4095 692 4156 ad
716 4115 830 4156 manus
854 4115 928 4157 suas
954 4093 1125 4166 solvende,
1159 4093 1303 4176 petendo
1337 4094 1504 4156 consilium
1528 4093 1570 4155 ab
1594 4094 1672 4174 ipsis
1698 4093 1786 4164 dnis,
1820 4092 1966 4154 exhibuit

408 4212 441 4264 et
466 4201 641 4282 publicavit
676 4221 785 4276 coram
810 4202 856 4263 eis
889 4201 920 4262 in
944 4203 1086 4281 capitulo
1121 4221 1294 4282 processus
1322 4199 1376 4262 dni
1400 4199 1440 4262 N.
1466 4201 1587 4263 Lubicz
1622 4201 1769 4262 canonici
1793 4199 1962 4261 Vaciensis

408 4309 591 4371 collectoris
615 4307 808 4388 principalis
845 4318 1078 4370 consenserunt
1107 4329 1180 4370 cum
1203 4306 1263 4370 hac
1288 4309 1529 4387 protestacione
1553 4317 1586 4370 et
1610 4307 1851 4369 modificacione
1874 4305 1965 4369 semi·

407 4417 565 4478 decimam
589 4416 693 4496 ipsam
718 4414 925 4490 solvendam,
949 4415 1125 4478 secundum
1150 4415 1237 4497 quod
1262 4415 1397 4478 ecclesia
1421 4415 1543 4478 Gnezn.
1568 4426 1601 4478 et
1624 4415 1684 4476 alie
1708 4413 1909 4476 cathedrales
1933 4415 1965 4474 in
1989 4427 2002 4444 ⁹

406 4525 571 4605 provincia
596 4523 725 4585 solvent
748 4522 842 4596 illam,
868 4533 900 4586 et
924 4523 1054 4602 insuper
1078 4523 1290 4586 decreverunt
1314 4523 1490 4604 petendum
1507 4523 1605 4594 dnum
1623 4522 1666 4584 M.
1685 4521 1964 4594 subcollectorem¹

406 4641 441 4693 ut
466 4631 534 4712 ipse
557 4631 599 4691 ad
623 4629 739 4691 festum
763 4649 788 4691 s.
814 4628 1023 4710 Margarethe
1047 4631 1231 4712 proximum
1256 4641 1413 4712 proroget
1445 4632 1616 4693 terminum
1640 4629 1847 4701 monicionis,
1883 4628 1965 4689 sicut

406 4739 438 4800 in
459 4737 594 4800 ecclesia
618 4735 739 4823 Gnezn.
764 4746 814 4798 est
839 4747 1035 4818 prorogatus
1059 4757 1118 4818 per
1140 4735 1405 4800 succollectorem
1431 4739 1463 4799 in
1479 4737 1614 4800 ecclesia
1638 4735 1769 4810 Gnezn.,
1793 4735 1871 4797 alias
1894 4754 1966 4796 cen·

406 4855 537 4907 suerunt
572 4842 799 4926 appellandum
837 4844 1001 4924 pendente
1025 4845 1165 4907 termino
1189 4865 1209 4906 a
1232 4844 1319 4907 dicta
1343 4845 1566 4924 publicacione
1590 4861 1800 4927 processuum
1825 4842 1879 4904 dni
1903 4841 1964 4903 Lu·

405 4952 490 5033 byn,
514 4973 555 5014 ex
579 4952 683 5013 causis
707 4961 740 5014 et
764 4963 861 5032 prout
884 4954 916 5013 in
940 4950 1076 5015 ecclesia
1100 4949 1220 5014 Gnezn.
1245 4961 1295 5014 est
1318 4951 1529 5032 appellatum.

517 5056 599 5125 168.
635 5059 668 5142 (l.
698 5059 784 5142 152⁰)
819 5058 900 5121 ltem
925 5059 1044 5122 ibidem
1079 5059 1248 5140 prescripti
1279 5058 1333 5120 dni
1357 5057 1471 5140 prelati
1495 5069 1528 5121 et
1551 5057 1696 5120 canonici
1727 5075 1835 5119 vener.
1860 5057 1962 5118 virum

405 5165 505 5230 dnum
542 5167 715 5231 Albertum
746 5166 960 5248 Jaroszewski
994 5165 1253 5230 archidiaconum
1291 5163 1516 5229 Pczewensem
1553 5184 1665 5228 versus
1700 5163 1960 5226 concilium

406 5275 685 5338 llasiliense
720 5274 863 5338 infacto
898 5293 1117 5357 processuum,
1154 5274 1269 5354 quibus
1304 5273 1522 5336 mediantibus
1560 5272 1645 5334 dnos
1669 5271 1709 5334 de
1732 5269 1876 5352 capitulo
1900 5289 1960 5350 pro

405 5379 551 5444 MCCCC
576 5381 644 5444 flor.
670 5383 747 5444 sede
770 5393 908 5445 vacante
932 5383 1102 5446 occasione
1126 5381 1287 5443 bonorum
1313 5401 1424 5443 mense
1455 5379 1649 5461 episcopalis
1672 5379 1795 5442 moneri
1818 5397 1967 5458 procura·

401 5489 456 5560 vit,
479 5487 520 5549 ad
544 5487 641 5550 dnum
666 5488 774 5570 Epum
790 5491 907 5552 iturum
931 5489 1168 5570 deputaverunt
1191 5508 1304 5550 versus
1328 5487 1533 5550 Florenciam
1557 5485 1670 5550 habito
1695 5485 1849 5548 mandato
1873 5483 1958 5548 suffi-

403 5597 514 5670 cienti,
550 5597 599 5657 cui
625 5597 752 5658 racione
784 5616 999 5678 expensarum
1024 5606 1152 5658 centum
1178 5595 1246 5658 fior.
1272 5615 1331 5675 pro
1356 5596 1406 5656 via
1431 5593 1667 5676 Hungaricales
1703 5593 1829 5656 dandos
1854 5593 1963 5654 decre-
