4416 6366
413 612 474 685 194
685 655 688 661 ,
911 600 1186 657 191191111011
1209 603 1467 658 nozunrnrnsrs

410 701 427 704 -.
438 696 836 705 -—-—--..-———---n—--n-.--
849 701 860 704 -
877 699 1021 706 ..ι-κῇ-
1050 701 1240 708 ..Π--ῃ-
1255 700 1479 706 —.-..—-.--—
1492 702 1502 706 -
1540 698 1577 706 --.
1597 701 1615 706 .-
1629 697 1887 708 affl.—
1908 699 1965 708 —oe-

621 818 663 882 A.
693 837 790 900 1493,
816 817 1020 902 Septembris
1050 835 1096 901 17,
1120 823 1152 883 in
1177 820 1330 902 capitulo.

511 957 600 1027 836.
636 962 690 1043 (V.
714 962 794 1042 41⁰).
833 961 917 1044 [Dnil
942 963 1170 1026 concluserunt
1194 963 1238 1025 ire
1261 962 1303 1024 ad
1327 965 1529 1043 presenciam
1565 966 1640 1028 Rmi
1664 967 1718 1028 dni
1755 966 1818 1046 Epi
1843 967 1963 1046 proprii

405 1069 639 1133 consulendum
662 1073 693 1132 in
717 1070 810 1134 factis
833 1071 971 1151 agendis
993 1091 1104 1134 coram
1128 1071 1166 1132 R.
1192 1070 1269 1132 Mte.

622 1289 665 1354 A.
697 1307 797 1372 1493,
821 1287 974 1354 Octobris
1000 1303 1050 1369 27,
1074 1291 1104 1352 in
1129 1289 1281 1371 capitulo.

514 1429 601 1498 837.
626 1433 677 1514 (V.
703 1432 808 1514 43⁰)..
833 1431 937 1495 Dni..
963 1432 1077 1512 prelati
1102 1443 1134 1494 et
1158 1435 1342 1495 canonici..
1363 1433 1462 1494 dnum
1486 1431 1662 1494 Iohannem
1687 1433 1727 1494 de
1752 1432 1964 1514 Lubranyecz

407 1540 613 1603 decretorum
638 1541 807 1602 doctorem
830 1541 1021 1602 canonicum
1045 1539 1182 1602 Poznan.
1214 1540 1246 1602 in
1277 1541 1479 1622 prepositum
1505 1541 1590 1601 dicte
1613 1540 1748 1602 ecclesie
1771 1539 1964 1601 cathedralis

407 1647 545 1711 Poznan.
569 1657 773 1729 receperunt.

621 1866 664 1930 A.
693 1885 792 1948 1493,
817 1865 972 1932 Octobris
998 1885 1057 1948 29,
1081 1869 1113 1930 in
1137 1868 1290 1949 capitulo.

492 2006 601 2074 838.
637 2010 687 2092 (V.
711 2011 791 2090 43⁰).
827 2010 1074 2092 Deputaverunt
1105 2011 1189 2072 dnos
1220 2009 1261 2072 ad
1286 2009 1325 2072 R.
1350 2009 1451 2072 Mtem
1477 2009 1696 2092 Rambynslry
1720 2020 1753 2074 et
1776 2009 1908 2092 Gorslry
1932 2013 1964 2072 in

408 2115 495 2179 facto
519 2117 693 2180 excisionis
717 2117 870 2180 roborum
896 2118 927 2179 in
951 2117 1151 2200 Rogalynlro
1176 2137 1235 2198 per
1258 2116 1396 2180 famulos
1420 2118 1472 2178 dni
1490 2119 1652 2198 capitanei
1676 2115 1856 2198 Spisiensis.

622 2337 665 2400 A.
695 2355 794 2417 1493,
818 2337 1015 2401 Novembris
1044 2341 1095 2412 18,
1120 2339 1151 2400 in
1175 2337 1318 2420 capitulo
1343 2325 1497 2421 generali.

515 2475 601 2544 839.
636 2480 687 2560 (V.
710 2481 786 2562 46⁰).
822 2481 945 2542 ibidem
976 2479 1056 2542 hora
1087 2501 1297 2561 vesperorum
1330 2479 1568 2560 deputaverunt
1599 2481 1683 2543 dnos
1707 2479 1902 2560 Czesselsky
1927 2491 1959 2542 et

407 2584 641 2670 Grodzyczslry
664 2587 704 2650 ad
729 2587 768 2650 R.
793 2588 895 2652 Mtem
919 2598 952 2652 et
976 2587 1075 2650 dnum
1106 2588 1212 2668 Epum
1239 2587 1540 2650 wladislaviensem
1564 2589 1593 2648 in
1620 2589 1764 2670 negociis
1788 2608 1900 2650 eorum
1923 2598 1955 2649 et

407 2695 511 2759 tocius
535 2694 620 2757 cleri.

623 2913 665 2975 A.
695 2931 792 2994 1493,
816 2915 1014 2978 Novembris
1040 2931 1097 2990 22,
1122 2917 1153 2978 in
1178 2915 1321 2998 capitulo
1346 2915 1499 2998 generali.

516 3051 603 3121 840.
627 3055 680 3138 (V.
704 3057 780 3138 46⁰).
805 3057 928 3120 lbidem
952 3057 1006 3120 dni
1031 3059 1269 3140 deputaverunt
1292 3059 1333 3122 ad
1357 3057 1396 3120 R.
1415 3057 1517 3120 Mtem
1535 3077 1595 3138 pro
1612 3057 1808 3120 admissione
1826 3057 1961 3138 resigna·

410 3165 513 3227 cionis
537 3183 654 3228 census
679 3163 732 3227 dni
756 3164 942 3247 Cesselslry.

621 3383 664 3446 A.
696 3401 793 3463 1493,
819 3383 1010 3449 Decembris
1036 3403 1090 3468 23,
1115 3388 1146 3448 in
1171 3386 1322 3468 capitulo.

515 3522 601 3592 841.
625 3525 678 3606 (V.
703 3525 772 3607 47⁰)
785 3575 812 3590 ..
838 3527 956 3590 Vener.
982 3528 1064 3590 dnus
1089 3527 1242 3590 Nicolaus
1259 3527 1426 3590 Cothwicz
1439 3577 1462 3589 ..
1479 3527 1563 3589 dnos
1580 3526 1724 3608 prelatos
1741 3538 1774 3589 et
1790 3528 1962 3587 canonicos

407 3631 542 3696 ecclesie
565 3631 705 3696 Poznan.
732 3635 855 3697 monuit
878 3646 911 3698 et
935 3636 1117 3716 requisivit,
1150 3635 1300 3716 quatinus
1333 3636 1439 3715 ipsum
1471 3633 1569 3696 dnum
1603 3634 1772 3696 Nicolaum
1797 3632 1960 3697 Cothwicz

407 3739 612 3803 decretorum
636 3741 804 3804 doctorem
834 3743 866 3804 in
889 3742 1150 3805 archidiaconum
1182 3743 1318 3804 ecclesie
1349 3741 1488 3804 Poznnn.
1521 3742 1742 3822 reciperent..
1776 3740 1958 3822 quiquidem

407 3848 462 3909 dni
487 3859 640 3928 parentes
664 3849 824 3912 mandatis
856 3849 955 3931 ipsius
986 3850 1040 3911 dni
1072 3849 1234 3912 Frederici
1259 3849 1428 3912 cardinalis
1452 3860 1485 3910 et
1516 3847 1658 3930 archiepi
1683 3897 1707 3911 ..
1732 3850 1831 3910 immo
1855 3847 1961 3910 verius

406 3953 595 4036 apostolicis
621 4003 658 4018 ..
695 3956 800 4037 ipsum
837 3956 935 4018 dnum
971 3956 1141 4019 Nicolaum
1177 3955 1342 4020 Cothwicz
1377 3957 1408 4018 in
1432 3955 1692 4018 archidiaconum
1717 3955 1802 4018 dicte
1826 3954 1961 4017 ecclesie

406 4061 544 4124 Poznan.
569 4072 769 4144 receperunt.

620 4281 663 4345 A.
694 4301 793 4362 1494,
817 4281 941 4364 Aprilis
967 4300 1025 4358 21,
1049 4285 1080 4346 in
1104 4283 1257 4366 capitulo,

513 4423 600 4492 842.
626 4425 680 4506 (V.
708 4427 770 4506 53).
796 4425 919 4488 Ibidem
943 4426 998 4489 dni
1022 4428 1255 4490 mandaverunt
1279 4427 1355 4488 dare
1378 4447 1485 4490 vener.
1512 4425 1578 4488 dno
1604 4425 1737 4489 Andree
1754 4425 1960 4509 Rogalinslry

281 4545 282 4550 ’
404 4533 677 4597 vicethezaurario
701 4531 767 4594 XV
791 4551 915 4596 marcas
939 4536 1076 4614 pecunie
1101 4533 1277 4596 molendini
1302 4543 1334 4596 91
1358 4554 1526 4616 apponere
1550 4533 1591 4595 ad
1614 4531 1691 4596 alias
1712 4537 1864 4614 pecunias
1880 4534 1953 4613 capi

406 4641 478 4713 tuli,
504 4650 539 4702 ut
562 4641 627 4702 sint
651 4651 717 4704 tres
741 4659 849 4702 marce
873 4661 989 4704 census
1012 4642 1123 4714 annui,
1156 4661 1237 4724 quas
1264 4639 1347 4703 dnus
1371 4639 1526 4703 Nicolaus
1549 4639 1643 4703 heres
1668 4641 1699 4702 in
1723 4640 1957 4705 Chaczeszewo

406 4750 438 4811 in
461 4769 594 4812 censum
618 4768 760 4809 annuum
784 4747 880 4810 trium
904 4768 1082 4811 marcarum
1108 4749 1244 4830 pecunie
1268 4767 1287 4810 a
1310 4747 1382 4809 dnis
1406 4750 1528 4830 recepit
1551 4759 1585 4810 et
1608 4769 1644 4810 se
1668 4758 1735 4810 tam
1758 4749 1845 4829 apud
1862 4748 1959 4810 dnum

404 4855 659 4918 Iohannem
692 4855 743 4916 de
768 4852 1007 4938 Ostrorog
1037 4859 1243 4938 capitaneum
1267 4855 1399 4918 Maioris
1423 4855 1572 4928 Polonie‚
1597 4876 1694 4937 quam
1718 4866 1750 4918 et
1774 4855 1861 4937 apud
1884 4865 1957 4918 acta

404 4963 587 5027 consistorii
611 4963 749 5025 Poznan.
774 4962 954 5026 soluturum
978 4964 1128 5027 submisit
1152 4975 1186 5026 et
1210 4961 1378 5045 obligavit.

617 5191 659 5255 A.
688 5210 788 5271 1494,
811 5191 887 5255 Maii
912 5195 940 5256 8.

509 5331 595 5402 843.
630 5334 682 5418 (V.
710 5336 788 5416 54⁰).
822 5335 883 5398 Die
907 5335 1013 5410 lovis,
1047 5345 1166 5398 octava
1198 5337 1322 5398 mensis
1356 5333 1433 5396 Maii
1457 5333 1533 5395 anni
1555 5334 1718 5415 presentis
1742 5333 1891 5396 videlicet
1914 5332 1957 5394 dn

408 5461 492 5523 1494
526 5446 598 5526 ipso
637 5443 688 5505 die
726 5443 940 5506 Ascensionis
975 5443 1029 5506 dni
1064 5441 1144 5505 hora
1179 5442 1299 5506 XVma
1330 5443 1361 5503 in
1394 5442 1525 5504 civitate
1560 5439 1697 5504 Poznan.
1734 5461 1840 5503 vener.
1876 5441 1958 5503 dnus

403 5551 511 5613 Adam
535 5553 577 5614 de
601 5550 799 5614 Dambrowa
834 5551 976 5614 decanus
1008 5549 1148 5614 Poznan.
1185 5550 1270 5612 diem
1294 5569 1404 5624 suum,
1440 5558 1537 5630 prout
1568 5548 1641 5612 Deo
1672 5549 1808 5630 placuit,
1845 5549 1957 5612 clausit

404 5669 586 5721 extremum
618 5669 651 5721 et
682 5669 758 5720 ante
791 5658 927 5722 chorum
962 5657 1099 5720 ecclesie
1130 5659 1268 5720 Poznan.
1299 5657 1331 5718 in
1360 5658 1488 5720 sinistra
1523 5675 1619 5720 manu
1654 5657 1715 5720 sub
1750 5655 1855 5742 lapide
1879 5677 1958 5719 mar·
