4458 6356
407 589 445 638 10
905 571 998 623 nera
1017 571 1179 622 caurum
1199 569 1452 622 nozunmuusn

401 815 434 869 et
458 804 546 887 quod
569 825 621 867 res
645 803 779 866 ecclesie
803 803 925 885 agitur,
961 811 1158 876 statuerunt,
1195 801 1283 884 quod
1315 800 1431 882 prelati
1460 821 1517 864 seu
1548 802 1694 863 canonici
1716 802 1757 864 ad
1780 803 1873 867 villas
1897 824 1956 885 pro

401 911 590 976 defensione
613 911 775 974 bonorum
798 909 928 991 capituli
953 909 1190 974 descendentes
1214 919 1247 972 et
1271 911 1303 971 in
1327 909 1449 972 eisdem
1481 919 1631 989 tempore
1654 908 1958 991 expedicionis

401 1021 465 1082 iam
488 1019 573 1082 dicte
597 1018 805 1082 demorantes
828 1017 1063 1080 refeccionibus
1088 1017 1171 1080 inter
1194 1015 1308 1080 fratres
1332 1015 1479 1078 distribui
1501 1015 1667 1079 consuetis
1690 1017 1895 1099 gaudebunt,
1920 1037 1958 1080 ac

401 1127 428 1188 si
451 1146 553 1209 penes
576 1127 681 1206 ipsam
697 1123 866 1188 ecclesiam
890 1124 986 1188 Pozn.
1013 1125 1222 1188 residenciam
1246 1121 1390 1186 iacerent
1417 1122 1631 1205 personalem,
1656 1123 1821 1187 licenciam
1844 1134 1956 1188 tamen

403 1243 540 1314 propter
563 1232 747 1295 absenciam
772 1231 870 1296 talem
895 1253 914 1294 a
937 1231 1202 1313 procuratoribus
1225 1229 1357 1311 capituli
1382 1229 1586 1293 obtinebunt.

509 1351 570 1422 48.
595 1355 700 1439 (ibid.)
724 1355 847 1418 Ibidem
873 1355 989 1418 eodem
1013 1353 1157 1437 generali
1180 1353 1322 1436 capitulo
1354 1353 1490 1418 durante
1515 1355 1686 1417 memorati
1710 1354 1764 1416 dni
1788 1355 1904 1436 prelati
1927 1365 1960 1419 et

407 1463 554 1526 canonici
576 1463 686 1526 audito
710 1473 743 1526 et
767 1462 990 1536 considerato,
1024 1461 1161 1544 qualiter
1190 1461 1267 1525 villa.
1297 1459 1474 1526 Chartowo
1497 1461 1612 1524 honor.
1636 1462 1707 1524 viro
1731 1462 1796 1524 dno
1822 1461 1960 1526 Nicolao

404 1569 599 1634 Czothczani
623 1571 781 1632 canonico
805 1568 901 1631 Pozn.
926 1571 959 1631 in
982 1569 1200 1650 provisionem
1232 1568 1309 1631 data
1341 1577 1628 1650 pertranseuntes
1651 1568 1692 1630 ad
1716 1570 1958 1650 expedicio-

404 1697 493 1740 nem
516 1697 628 1740 versus
651 1686 761 1759 partes
784 1675 956 1758 Lytwanie
985 1677 1017 1737 in
1041 1676 1135 1738 bonis
1159 1675 1269 1738 existit
1292 1672 1476 1748 anichilata‚
1509 1676 1630 1739 dictum
1654 1675 1754 1738 dnum
1780 1676 1819 1738 N.
1845 1675 1961 1740 Czoth-

405 1786 494 1847 czani
518 1785 707 1846 canonicum
731 1805 750 1846 a
773 1783 939 1846 solucione
963 1783 1056 1846 unius
1088 1802 1195 1844 marce
1219 1781 1260 1844 de
1283 1781 1427 1844 dominio
1450 1780 1527 1844 ville
1550 1783 1651 1862 ipsius
1675 1781 1810 1845 liberum
1835 1782 1962 1846 dimise·

405 1901 493 1964 runt,
517 1891 744 1965 decernentes,
780 1891 869 1974 quod
900 1890 985 1952 idem
1016 1890 1100 1953 dnus
1123 1888 1278 1952 Nicolaus
1310 1887 1798 1970 Czothczanyllllormarcas
1823 1889 1961 1952 devilia

404 1997 551 2079 predicta
574 2018 634 2081 pro
658 2018 758 2062 censu
781 1997 909 2061 solvere
933 1996 1060 2060 debeat.

619 2207 663 2272 A.
692 2225 791 2288 1431,
811 2208 884 2290 Julii
912 2224 966 2284 10,
991 2209 1022 2270 in
1046 2207 1190 2290 capitulo
1214 2208 1367 2291 generali.

517 2345 579 2415 49.
605 2349 641 2432 (Ι.
668 2350 722 2430 51)
745 2349 811 2412 Dni
835 2349 925 2432 Drya
948 2350 1060 2414 decani
1083 2350 1222 2413 Poznan.
1245 2387 1289 2396 -—
1312 2349 1394 2413 Item
1426 2349 1545 2412 ibidem
1578 2349 1748 2432 prescripti
1770 2349 1825 2411 dni
1848 2347 1963 2430 prelati

407 2467 440 2522 et
463 2457 610 2520 canonici
632 2457 759 2540 audito,
783 2457 871 2539 quod
894 2457 1009 2521 feodus
1032 2457 1107 2520 ville
1131 2457 1294 2522 Cobilniki
1318 2457 1349 2518 in
1374 2456 1469 2520 bonis
1492 2467 1628 2539 propter
1654 2456 1962 2538 expediciones

407 2566 439 2626 in
463 2585 582 2647 magna
604 2576 697 2647 parte
727 2565 838 2628 existit
873 2565 1065 2639 destructus
1101 2586 1209 2629 vener.
1235 2566 1338 2628 virum
1367 2565 1466 2628 dnum
1498 2563 1654 2626 Mathiam
1686 2562 1777 2646 Drya
1807 2563 1963 2626 decanum

407 2671 504 2737 Pozn.
527 2691 546 2734 a
569 2672 735 2735 solucione
759 2691 875 2736 census
898 2675 994 2735 annui
1018 2674 1059 2735 de
1082 2673 1226 2737 dominio
1250 2672 1336 2734 feodi
1364 2670 1507 2734 eiusdem
1540 2671 1762 2752 provenientis
1793 2691 1851 2753 per
1882 2670 1963 2733 duos

407 2798 512 2843 annos
536 2779 670 2842 liberum
693 2778 881 2844 dimiserunt
904 2791 938 2844 et
960 2781 1181 2862 quittaverunt
1204 2779 1245 2842 de
1268 2799 1335 2841 non
1358 2778 1514 2860 petendo.

517 2900 576 2969 50.
601 2903 635 2986 (I.
662 2903 729 2984 51⁰)
753 2903 834 2966 Item
857 2903 977 2968 ibidem
1002 2906 1172 2969 memorati
1195 2905 1251 2967 dni
1274 2903 1389 2985 prelati
1413 2914 1446 2966 et
1470 2903 1617 2966 canonici
1641 2911 1763 2966 statuta
1779 2901 1916 2966 ecclesie
1931 2911 1964 2965 et

408 3009 540 3092 capituli
563 3031 621 3092 per
644 3010 727 3074 dnos
758 3012 789 3074 in
813 3013 960 3094 capitulis
995 3033 1106 3096 gener.
1138 3022 1171 3076 et
1195 2997 1383 3094 particular.
1407 3031 1466 3092 per
1489 3009 1572 3073 dnos
1597 3010 1637 3072 de
1660 3010 1803 3092 capitulo
1834 3009 1965 3072 condita

409 3119 496 3180 etin
521 3119 694 3182 matriculis
715 3119 849 3182 ecclesie
872 3129 1026 3183 contenta
1058 3119 1231 3183 transsumi
1254 3129 1288 3182 et
1314 3118 1345 3181 in
1370 3117 1477 3180 libro
1502 3137 1779 3200 pergameneo
1804 3117 1964 3180 conscribi

407 3245 445 3288 ac
468 3227 665 3308 comportari
687 3236 822 3308 propter
844 3225 988 3290 debitam
1011 3227 1298 3290 conservacionem
1322 3225 1499 3288 eorundem
1522 3224 1679 3299 volentes,
1703 3244 1811 3288 vener.
1836 3243 1963 3306 mgrum

409 3333 629 3396 Vincencium'
646 3332 733 3396 Coth
757 3337 947 3396 canonicum
972 3333 1069 3398 Pozn.
1094 3334 1136 3396 ad
1160 3333 1424 3396 concordandum
1456 3332 1542 3395 dicta
1566 3341 1688 3394 statuta
1720 3331 1966 3414 deputaverunt,

412 3440 462 3502 cui
495 3460 591 3503 unam
623 3461 763 3504 marcam
795 3443 909 3506 intuitu
939 3441 1058 3505 laboris
1090 3441 1229 3504 dandam
1262 3440 1331 3503 lore
1355 3440 1577 3515 decreverunt,
1612 3439 1841 3515 decernentes,
1878 3439 1967 3521 quod

409 3545 533 3610 solucio
556 3545 717 3611 sufficiens
740 3551 868 3612 notario
889 3569 949 3632 pro
973 3549 1087 3612 labore
1111 3547 1297 3612 huiusmodi
1332 3547 1399 3610 fieri
1424 3547 1559 3611 deberet
1582 3556 1615 3609 et
1638 3545 1705 3609 dari
1728 3565 1788 3628 pro
1812 3547 1970 3628 scriptura

410 3663 604 3718 statutorum
628 3655 692 3718 iam
715 3655 883 3720 dictorum.

620 3867 663 3931 A.
691 3861 793 3948 1431,
818 3867 964 3951 Augusti
988 3883 1017 3950 7,
1042 3868 1074 3930 in
1097 3867 1250 3950 capitulo.

516 4009 574 4092 5l.
599 4027 634 4110 (l.
661 4043 676 4108 5
684 4029 714 4110 3)
738 4029 800 4091 Die
824 4028 937 4091 Martis
961 4027 1058 4090 XVII
1082 4029 1121 4110 (s)
1146 4027 1329 4110 Augusti..
1353 4047 1461 4089 vener.
1486 4037 1520 4090 et
1543 4025 1657 4090 honor.
1682 4027 1736 4088 dni
1750 4073 1780 4089 ..
1805 4026 1919 4108 prelati
1936 4035 1969 4090 et

412 4135 598 4200 canonici..
634 4137 788 4216 exposito
819 4137 897 4216 ipsis
929 4155 1118 4217 pervener.
1150 4135 1253 4198 virum
1285 4135 1383 4196 dnum
1410 4133 1628 4214 Jaschlconem
1652 4135 1812 4196 decanum
1837 4132 1968 4207 Gnezn.‚

413 4241 550 4323 qualiter
573 4241 648 4304 villa
672 4240 889 4305 Stanschewo
921 4262 980 4322 per
1009 4242 1115 4324 ignis
1145 4242 1392 4323 voraginem
1423 4242 1465 4304 sit
1496 4251 1627 4316 exusta,
1663 4239 1857 4304 kmethones
1886 4241 1971 4304 dicte

413 4347 488 4409 ville
514 4369 573 4431 per
595 4349 704 4430 ignem
729 4350 913 4413 destructos
936 4369 955 4412 a
979 4349 1146 4412 solucione
1170 4369 1323 4428 censuum
1341 4348 1420 4412 inira
1435 4347 1509 4412 hinc
1526 4359 1559 4412 et
1575 4349 1745 4411 triennium
1762 4348 1972 4411 absolverunt

414 4463 447 4516 et
473 4455 513 4517 de
536 4456 703 4518 solucione
727 4476 881 4519 censuum
905 4456 1088 4519 huiusmodi
1111 4455 1217 4519 fienda
1240 4457 1315 4520 dicti
1332 4456 1387 4520 dni
1399 4455 1592 4537 Jaschkonis
1609 4455 1723 4518 decani
1739 4455 1871 4518 arbitrio
1888 4475 1972 4516 com·

414 4563 585 4642 miserunt,
610 4564 666 4645 qui
689 4565 765 4627 visis
789 4565 932 4646 ipsorum
955 4563 1161 4629 facultatibus
1185 4564 1257 4627 dnis
1281 4565 1321 4628 de
1345 4563 1488 4646 capitulo
1513 4563 1653 4627 docebit.

631 4775 673 4837 A.
703 4791 802 4856 1431,
826 4774 970 4858 Augusti
993 4793 1032 4855 9,
1056 4775 1088 4838 in
1113 4777 1265 4858 capitulo.

523 4931 583 4999 52.
606 4935 641 5018 (l.
667 4934 735 5016 53⁰)
772 4935 832 4998 Die
859 4936 950 5016 Jovis
980 4957 1067 5000 nona
1096 4957 1138 5000 m.
1171 4935 1355 5020 Augusti..
1387 4937 1503 5000 honor.
1534 4939 1590 5000 vir.
1624 4937 1707 5000 dnus
1735 4936 1900 5018 Johannes
1931 4937 1972 5000 de

415 5041 599 5104 Drzewicza
633 5063 748 5106 canon.
773 5043 869 5106 Pozn.
894 5043 1118 5126 procuratorio
1147 5045 1277 5107 nomine
1313 5043 1427 5106 honor.
1465 5045 1519 5106 dni
1554 5043 1680 5106 Nicolai
1716 5043 1757 5106 de
1791 5043 1974 5107 Drzewicza

416 5150 530 5231 regie
565 5150 658 5213 aule
693 5151 896 5213 notarii..
933 5151 1057 5215 dnos..
1093 5150 1238 5232 prelatos
1271 5161 1304 5214 et
1335 5152 1557 5216 canonicos..
1589 5151 1796 5233 requisivit..
1821 5152 1972 5232 quatinus

416 5257 537 5321 dictum
561 5257 660 5320 dnum
685 5257 897 5322 Nicolaum..
922 5261 954 5321 in
978 5259 1238 5321 archidiaconum
1262 5259 1541 5324 archidiaconatus
1565 5259 1844 5322 Warschoviensis
1867 5259 1900 5321 in
1923 5279 1973 5320 ec·

418 5365 516 5426 clesia
539 5364 632 5428 Pozn.
660 5377 737 5446 post
761 5366 885 5428 obitum
910 5365 964 5428 dni
988 5365 1114 5428 Albrici
1137 5365 1281 5430 ultimi..
1306 5367 1450 5430 eiusdem
1473 5365 1752 5429 archidiaconatus
1775 5367 1975 5446 possessoris

417 5472 638 5553 reciperent..
667 5472 852 5554 quiquidem
876 5472 931 5534 dni
954 5472 1069 5554 prelati
1093 5483 1126 5536 et
1149 5473 1341 5536 canonici..
1366 5473 1528 5554 prefatum
1551 5473 1650 5536 dnum
1682 5473 1854 5536 Nicolaum
1878 5473 1973 5536 Drze-

418 5578 545 5642 wiczski
571 5579 772 5644 notarium..
797 5581 828 5640 in
853 5579 1113 5642 archidiaconum
1138 5579 1214 5642 dicti
1239 5579 1518 5643 archidiaconatus
1542 5591 1775 5662 receperunt..
