4458 6356
417 566 458 648 56
929 566 1024 616 ACTA
1042 563 1205 618 CAPITULI
1224 563 1483 616 POZNANIENSIS

417 658 753 666 ..——-—-—————-
773 661 780 663 -
785 659 816 664 ...-
821 658 1194 665 ——-———————-.-
1428 655 1969 666 “w

628 777 671 840 A.
700 795 791 858 1443,
811 778 884 858 Julii
908 779 936 850 6,
961 779 993 842 in
1016 778 1159 860 capitulo
1183 779 1335 859 generali.

523 917 611 986 279.
636 921 686 999 (II.
713 921 775 1001 23).
800 919 883 982 Item
908 919 973 981 dno
994 920 1140 1000 Jaroslao
1165 918 1378 994 iuhibuerunt,
1403 930 1518 984 utnon
1536 930 1635 1002 cogat
1658 920 1806 983 homines
1830 919 1870 983 de
1887 918 1973 982 Tha-

414 1027 758 1109 nycborzs'laborare
787 1027 817 1088 111
843 1025 976 1088 Gnezua
1011 1027 1080 1089 sive
1111 1037 1204 1088 extra
1239 1027 1403 1090 diocesim.
1451 1026 1532 1088 Item
1565 1027 1654 1108 quod
1687 1029 1719 1088 in
1743 1026 1968 1088 Tworzicowo

413 1135 539 1198 edificet
571 1134 789 1196 molendinum
814 1135 845 1195 in
870 1133 985 1196 eodem
1010 1133 1061 1196 vel
1093 1135 1125 1195 in
1150 1132 1212 1195 alio
1237 1133 1309 1196 loco
1335 1133 1414 1196 Infra
1437 1152 1566 1208 annum,
1590 1154 1608 1196 a
1633 1133 1717 1196 sesto
1741 1133 1872 1196 Martini
1896 1153 1970 1213 pro·

414 1244 503 1304 ximo
538 1242 723 1322 incipiendo
747 1261 875 1318 annum,
907 1242 967 1302 sub
991 1241 1178 1322 privacione
1209 1241 1293 1303 ville.
1341 1239 1423 1304 Item
1448 1241 1479 1302 in
1504 1239 1679 1322 CobilniIry
1711 1239 1786 1303 hinc
1821 1241 1863 1304 ad
1887 1241 1967 1304 sutu-

415 1368 484 1410 rum
517 1348 634 1411 festum
658 1348 689 1410 b.
715 1347 799 1410 Petri
824 1357 857 1409 et
880 1347 968 1410 Pauli
993 1349 1024 1409 in
1049 1348 1199 1410 omnibus
1230 1346 1326 1410 iaciat
1351 1347 1575 1411 condicionem
1606 1349 1786 1422 meliorem,
1812 1357 1969 1429 quantum

415 1456 590 1518 studiosius
614 1457 734 1535 poterit
757 1465 790 1516 11
814 1455 902 1534 quod
926 1465 1082 1535 appareat
1107 1453 1276 1536 diligencia
1293 1456 1323 1516 in
1341 1453 1457 1518 effectu
1477 1455 1537 1518 sub
1555 1457 1751 1536 privacione.
1776 1453 1857 1517 Item
1882 1457 1969 1538 quod

414 1563 665 1625 anniversarium
690 1562 730 1624 dc
753 1561 906 1624 scultecia
929 1563 996 1624 slve
1020 1571 1155 1624 vacante
1180 1561 1247 1624 sive
1279 1561 1384 1624 locata
1408 1562 1448 1624 de
1472 1573 1581 1625 cetero
1612 1561 1734 1639 solvat;
1759 1563 1785 1625 si
1808 1573 1970 1646 gravatur,

417 1669 570 1751 resignet.

524 1808 611 1877 280.
637 1811 737 1892 (ibid.)
761 1811 843 1875 Item
868 1811 933 1873 dno
957 1811 1083 1874 officiali
1107 1833 1205 1893 super
1228 1813 1358 1874 racione
1387 1810 1532 1874 facienda
1557 1831 1655 1892 super
1677 1831 1777 1874 censu
1801 1810 1842 1873 de
1866 1811 1971 1873 Ume-

415 1941 522 1983 szewo
545 1919 784 2001 suspenderunt
801 1919 841 1980 ad
858 1918 1034 1983 adventum
1059 1919 1111 2008 dni
1136 1919 1258 1982 Mathie
1283 1920 1511 2000 procuratoris
1535 1917 1616 1981 Item
1634 1918 1721 2001 quod
1738 1917 1869 1981 mandet
1885 1919 1970 1980 kmo
2001 1917 2004 1923 '

416 2027 568 2091 thonibus
600 2027 862 2108 proposicionem
896 2026 1001 2088 facere
1024 2037 1058 2089 et
1082 2027 1208 2090 solvere
1244 2025 1413 2090 kmethoui
1448 2038 1626 2100 mutonem,
1651 2045 1747 2107 quem
1771 2025 1831 2089 sibi
1854 2045 1972 2108 regens

415 2135 545 2216 recepit.
590 2135 672 2197 Item
703 2134 816 2196 reddat
852 2134 1006 2216 pecunias
1041 2133 1280 2206 kmethonibus‚
1305 2153 1386 2215 quas
1410 2136 1531 2215 recepit
1554 2155 1573 2196 a
1598 2135 1724 2197 notario
1761 2133 1905 2196 terrestri
1930 2131 1970 2194 de

416 2241 749 2305 contribucione
772 2241 921 2322 regali.

523 2379 610 2448 281.
633 2383 678 2464 (II.
707 2383 785 2464 23⁰).
810 2382 892 2445 Item
917 2383 1038 2464 placuit
1071 2381 1234 2454 omnibus,
1271 2382 1359 2463 quod
1385 2383 1566 2464 ubicunque
1597 2393 1672 2448 sunt
1703 2383 1805 2446 mansi
1841 2382 1970 2467 deserti,

416 2493 483 2554 sive
507 2491 605 2553 locati
628 2491 696 2553 siue
720 2500 889 2562 vacantes
921 2488 1066 2551 solvatur
1097 2509 1213 2552 census
1237 2510 1296 2570 per
1327 2500 1494 2571 regentem
1518 2491 1559 2552 de
1591 2490 1722 2562 eisdem,
1746 2501 1779 2554 et
1803 2491 1830 2553 si
1854 2490 1968 2570 aliquis

416 2599 447 2659 in
471 2619 512 2660 eo
536 2617 571 2660 se
595 2599 731 2660 senserit
754 2617 825 2659 esse
850 2607 1037 2678 gravatum,
1060 2595 1203 2678 resignet
1226 2595 1350 2668 villam,
1375 2607 1472 2676 prout
1504 2607 1651 2660 servatur
1674 2599 1704 2658 in
1730 2595 1865 2660 ecclesia
1890 2594 1970 2658 Gne

416 2707 534 2775 mensi,
558 2705 607 2766 cui
631 2724 667 2766 se
691 2704 722 2765 in
746 2703 809 2766 hoc
833 2702 1036 2765 conformare
1059 2702 1191 2780 volunt;
1217 2722 1333 2785 regens
1359 2706 1489 2785 proprIa
1513 2704 1682 2767 voluntate
1706 2723 1770 2764 non
1795 2703 1915 2768 tribuat
1938 2704 1971 2766 li·

415 2811 585 2880 bertatem,
609 2811 666 2874 sed
690 2810 797 2874 veniat
821 2829 893 2871 cum
917 2809 1148 2872 kmethonibus
1172 2810 1213 2872 ad
1237 2811 1411 2892 capitulum
1436 2820 1469 2874 et
1493 2821 1639 2892 exponat
1668 2813 1856 2892 gravamina
1872 2819 1905 2872 et
1922 2809 1973 2872 de·

417 2917 536 2996 fectus;
561 2917 737 2998 capitulum
762 2937 841 2980 vero
871 2918 959 2998 prius
983 2917 1059 2980 visis
1091 2917 1212 2980 eisdem
1245 2917 1432 2992 defectibus,
1456 2919 1482 2980 si
1506 2917 1599 2980 fuerit
1631 2937 1778 2990 necesse,
1811 2917 1970 2980 concedat

418 3023 609 3088 libertatem.

631 3216 673 3279 A.
704 3234 794 3298 1443,
813 3217 885 3298 Julii
915 3234 963 3296 14,
987 3219 1018 3280 in
1042 3217 1184 3300 capitulo
1209 3218 1361 3300 generali.

525 3355 613 3426 282.
639 3359 688 3440 (II.
715 3358 769 3438 24)
793 3357 882 3442 [Die]
905 3355 991 3420 Solis
1014 3357 1176 3422 Iohannes
1208 3358 1341 3422 clericus
1365 3359 1406 3422 de
1430 3357 1540 3422 Lodza
1572 3359 1713 3422 scalatur
1736 3369 1769 3422 et
1793 3357 1903 3424 Gloria
1926 3359 1972 3422 Io·

418 3467 544 3530 hannes
567 3466 727 3549 presbiter
748 3475 925 3528 contumax
949 3467 1181 3546 pronuncIatur
1203 3486 1301 3546 super
1325 3467 1457 3530 crimine
1480 3465 1562 3529 furti.

632 3680 675 3741 A.
706 3695 797 3757 1443,
821 3677 1016 3740 Novembris
1046 3693 1091 3752 12,
1116 3678 1147 3739 in
1172 3677 1315 3759 capitulo
1339 3677 1490 3760 generali.

507 3817 595 3888 283.
618 3820 668 3902 (II.
695 3821 773 3901 26⁰).
798 3819 921 3882 Ibidem
945 3819 999 3882 dni
1023 3819 1215 3882 unammiter
1244 3819 1456 3883 consideratis
1480 3819 1621 3882 servicIis
1649 3819 1794 3884 fidelibus
1818 3831 1851 3885 et
1874 3821 1973 3884 conti·

418 3930 488 3992 nuis
513 3928 630 3991 nobilis
664 3927 816 3989 IohannIs
850 3924 978 3996 Prusca,
1014 3947 1077 4007 que
1100 3926 1243 4008 capitulo
1267 3937 1300 3990 et
1324 3927 1460 3990 ecclesie
1495 3926 1634 3992 Poznan.
1659 3927 1823 4009 impendit,
1848 3929 1908 3992 sibi
1931 3929 1972 3991 dc

416 4039 524 4118 gracia
547 4037 750 4098 donaverunt
774 4045 840 4097 tres
864 4053 1004 4106 marcas,
1033 4043 1132 4116 utque
1156 4033 1352 4098 infuturum
1376 4055 1415 4096 eo
1440 4036 1598 4098 attencius
1623 4036 1743 4098 servite
1767 4037 1887 4117 possit,
1911 4033 1971 4098 sibi

417 4143 551 4226 singulis
574 4143 687 4206 futuris
710 4143 803 4204 annis
835 4140 876 4203 ad
901 4140 1045 4221 quelibet
1069 4151 1210 4222 quatuor
1233 4151 1383 4223 tempora
1407 4160 1504 4203 unam
1533 4162 1733 4224 sexagenam
1767 4141 1871 4205 eidem
1896 4151 1972 4205 sunt

417 4250 529 4326 daturi,
554 4251 607 4324 ita,
631 4249 720 4332 quod
743 4250 775 4311 in
799 4248 922 4310 iudiciis
945 4248 1149 4311 terrestribus
1173 4259 1205 4310 et
1228 4249 1299 4311 aliis
1329 4249 1472 4330 negociis
1503 4249 1637 4329 capituli
1661 4260 1694 4312 11
1718 4250 1817 4330 ipsius
1851 4249 1972 4313 dumta-

416 4368 475 4422 xat
499 4357 659 4420 bonorum
684 4365 837 4438 procuret
861 4365 894 4418 et
917 4354 1021 4430 faciat,
1046 4375 1142 4436 quem
1167 4355 1285 4418 ibidem
1311 4355 1343 4417 in
1367 4375 1459 4418 suum
1490 4356 1646 4420 factorem
1671 4367 1703 4420 et
1727 4366 1973 4438 procuratorem

418 4466 665 4541 constituerunt,
690 4473 723 4528 ct
746 4465 817 4546 ipse
840 4483 923 4526 onus
947 4464 1102 4546 suscepit.

631 4677 674 4740 A.
704 4693 795 4758 1443,
820 4676 1016 4740 Novembris
1045 4693 1091 4755 14,
1117 4677 1147 4740 in
1171 4675 1315 4758 capitulo
1339 4677 1491 4757 generali

525 4815 613 4886 284.
637 4819 684 4902 (II.
710 4821 773 4900 27).
798 4819 920 4882 Ibidem
945 4819 999 4881 dni
1023 4819 1173 4882 dixerunt
1197 4840 1233 4884 se
1256 4818 1339 4882 velle
1363 4828 1448 4882 stare
1473 4818 1609 4880 decretis
1632 4815 1779 4879 Sinodi
1804 4815 1972 4898 provin·

418 4927 556 5001 cialis,
574 4947 639 5008 quo
655 4927 696 4989 ad
714 4947 779 4989 non
802 4927 1021 4990 adherendum
1045 4926 1260 5009 appellacioni
1279 4925 1332 4989 dni
1350 4925 1537 4988 Clementis.
1562 4924 1684 4988 Ibidem
1708 4924 1791 4987 dnus
1812 4923 1976 5004 Pnewslry

416 5043 616 5116 protestatus
641 5045 693 5098 est
718 5034 759 5096 de
784 5034 903 5108 iniuria,
928 5035 1016 5116 quod
1040 5033 1123 5096 dnus
1140 5032 1292 5098 Clemens
1316 5033 1347 5095 in
1364 5054 1422 5096 sua
1445 5031 1670 5114 appellacione
1685 5031 1794 5113 posuit
1812 5051 1885 5093 eum
1903 5051 1974 5112 pro-

416 5153 598 5206 curatorem
616 5143 669 5206 dni
686 5142 864 5216 scolastici,
882 5140 1072 5204 extimando
1089 5141 1233 5203 iniuriam
1249 5141 1290 5203 ad
1307 5139 1371 5203 duo
1388 5139 1500 5214 millia,
1526 5149 1560 5204 et
1575 5149 1777 5220 protestatus
1795 5148 1861 5214 est,
1886 5136 1974 5218 quod

415 5251 441 5314 si
458 5252 628 5333 continget
652 5253 757 5332 ipsum
773 5249 878 5312 eidem
901 5248 966 5311 dno
983 5247 1144 5312 Clementi
1161 5247 1192 5310 in
1209 5249 1318 5330 aliquo
1341 5259 1416 5310 actu
1432 5247 1617 5310 conversari
1637 5256 1670 5309 et
1686 5246 1886 5328 participare,
1912 5265 1971 5326 per

417 5359 481 5420 hoc
506 5379 571 5420 non
596 5358 732 5422 intendit
756 5357 944 5420 renunciare
968 5377 1025 5420 sue
1048 5356 1168 5432 iniurie,
1194 5375 1254 5418 nec
1277 5355 1319 5418 ab
1343 5355 1457 5418 eadem
1480 5353 1641 5416 recedere.
1688 5351 1770 5416 Item
1795 5352 1877 5415 dnus
1901 5351 1969 5414 Cle·

417 5484 509 5528 mens
534 5467 642 5546 posuit
666 5466 880 5530 instrumenta
903 5463 944 5527 de
961 5465 1173 5546 responsione
1197 5463 1333 5526 dnorum
1358 5483 1456 5545 super
1472 5481 1538 5524 non
1554 5459 1731 5523 adhesione
1754 5459 1970 5542 appellacioni

418 5571 472 5635 dni
496 5571 684 5636 ClementiS.
