<?xml version="1.0" encoding="UTF-8"?>
<!DOCTYPE html PUBLIC "-//W3C//DTD XHTML 1.0 Transitional//EN"
    "http://www.w3.org/TR/xhtml1/DTD/xhtml1-transitional.dtd">
<html xmlns="http://www.w3.org/1999/xhtml" xml:lang="en" lang="en">
 <head>
  <title>
</title>
<meta http-equiv="Content-Type" content="text/html;charset=utf-8" />
  <meta name='ocr-system' content='tesseract 3.04.00' />
  <meta name='ocr-capabilities' content='ocr_page ocr_carea ocr_par ocr_line ocrx_word'/>
</head>
<body>
  <div class='ocr_page' id='page_1' title='image "actacapitulorum00czubgoog_0181.png"; bbox 0 0 4416 6366; ppageno 0'>
   <div class='ocr_carea' id='block_1_1' title="bbox 225 583 1787 1416">
    <p class='ocr_par' dir='ltr' id='par_1_1' title="bbox 225 583 1787 1416">
     <span class='ocr_line' id='line_1_1' title="bbox 908 583 1784 666; baseline 0.006 -22"><span class='ocrx_word' id='word_1_1' title='bbox 908 585 998 644; x_wconf 72' lang='lat' dir='ltr'>ANNI</span> <span class='ocrx_word' id='word_1_2' title='bbox 1018 583 1096 644; x_wconf 77' lang='lat'><strong>1498.</strong></span> <span class='ocrx_word' id='word_1_3' title='bbox 1726 587 1784 666; x_wconf 88' lang='lat'>163</span> 
     </span>
     <span class='ocr_line' id='line_1_2' title="bbox 230 797 1787 880; baseline 0.001 -18"><span class='ocrx_word' id='word_1_4' title='bbox 230 799 380 864; x_wconf 83' lang='lat' dir='ltr'><strong>Andreas</strong></span> <span class='ocrx_word' id='word_1_5' title='bbox 396 797 645 873; x_wconf 89' lang='lat' dir='ltr'>Goluchowski,</span> <span class='ocrx_word' id='word_1_6' title='bbox 671 797 833 864; x_wconf 89' lang='lat' dir='ltr'>lohannes</span> <span class='ocrx_word' id='word_1_7' title='bbox 850 797 996 866; x_wconf 82' lang='lat' dir='ltr'>Latalski</span> <span class='ocrx_word' id='word_1_8' title='bbox 1012 811 1071 863; x_wconf 89' lang='lat' dir='ltr'>etc.</span> <span class='ocrx_word' id='word_1_9' title='bbox 1090 797 1229 868; x_wconf 78' lang='lat' dir='ltr'>confessi</span> <span class='ocrx_word' id='word_1_10' title='bbox 1246 808 1335 874; x_wconf 84' lang='lat' dir='ltr'>sunt¹</span> <span class='ocrx_word' id='word_1_11' title='bbox 1360 797 1434 880; x_wconf 89' lang='lat' dir='ltr'>quia</span> <span class='ocrx_word' id='word_1_12' title='bbox 1451 809 1642 880; x_wconf 88' lang='lat' dir='ltr'>receperunt</span> <span class='ocrx_word' id='word_1_13' title='bbox 1658 819 1676 862; x_wconf 92' lang='lat' dir='ltr'>a</span> <span class='ocrx_word' id='word_1_14' title='bbox 1692 819 1787 880; x_wconf 85' lang='lat' dir='ltr'>gene·</span> 
     </span>
     <span class='ocr_line' id='line_1_3' title="bbox 225 903 1784 986; baseline 0.001 -18"><span class='ocrx_word' id='word_1_15' title='bbox 225 926 300 970; x_wconf 84' lang='lat' dir='ltr'>roso</span> <span class='ocrx_word' id='word_1_16' title='bbox 324 905 390 972; x_wconf 91' lang='lat' dir='ltr'>dno</span> <span class='ocrx_word' id='word_1_17' title='bbox 414 904 504 970; x_wconf 86' lang='lat' dir='ltr'>Luca</span> <span class='ocrx_word' id='word_1_18' title='bbox 529 904 570 970; x_wconf 89' lang='lat' dir='ltr'>de</span> <span class='ocrx_word' id='word_1_19' title='bbox 595 903 707 974; x_wconf 88' lang='lat' dir='ltr'>Gorlra</span> <span class='ocrx_word' id='word_1_20' title='bbox 730 915 852 986; x_wconf 90' lang='lat' dir='ltr'>nepote</span> <span class='ocrx_word' id='word_1_21' title='bbox 876 916 909 968; x_wconf 92' lang='lat' dir='ltr'>et</span> <span class='ocrx_word' id='word_1_22' title='bbox 926 916 1102 973; x_wconf 82' lang='lat' dir='ltr'>executore</span> <span class='ocrx_word' id='word_1_23' title='bbox 1119 907 1306 973; x_wconf 85' lang='lat' dir='ltr'>testamenti</span> <span class='ocrx_word' id='word_1_24' title='bbox 1331 904 1408 974; x_wconf 87' lang='lat' dir='ltr'>olim</span> <span class='ocrx_word' id='word_1_25' title='bbox 1424 906 1499 970; x_wconf 92' lang='lat' dir='ltr'>Rmi</span> <span class='ocrx_word' id='word_1_26' title='bbox 1523 904 1578 968; x_wconf 95' lang='lat' dir='ltr'>dni</span> <span class='ocrx_word' id='word_1_27' title='bbox 1594 905 1712 974; x_wconf 86' lang='lat' dir='ltr'>Urielis</span> <span class='ocrx_word' id='word_1_28' title='bbox 1742 905 1784 970; x_wconf 91' lang='lat' dir='ltr'>de</span> 
     </span>
     <span class='ocr_line' id='line_1_4' title="bbox 227 1009 1784 1093; baseline 0.001 -19"><span class='ocrx_word' id='word_1_29' title='bbox 227 1012 342 1074; x_wconf 90' lang='lat' dir='ltr'>eadem</span> <span class='ocrx_word' id='word_1_30' title='bbox 369 1009 480 1075; x_wconf 89' lang='lat' dir='ltr'>Gorka</span> <span class='ocrx_word' id='word_1_31' title='bbox 504 1011 567 1093; x_wconf 90' lang='lat' dir='ltr'>Epi</span> <span class='ocrx_word' id='word_1_32' title='bbox 590 1012 730 1074; x_wconf 87' lang='lat' dir='ltr'>Poznan.</span> <span class='ocrx_word' id='word_1_33' title='bbox 756 1010 810 1075; x_wconf 88' lang='lat' dir='ltr'>CC</span> <span class='ocrx_word' id='word_1_34' title='bbox 834 1031 961 1078; x_wconf 87' lang='lat' dir='ltr'>marcas</span> <span class='ocrx_word' id='word_1_35' title='bbox 984 1011 1189 1079; x_wconf 87' lang='lat' dir='ltr'>Poionicales</span> <span class='ocrx_word' id='word_1_36' title='bbox 1212 1033 1270 1093; x_wconf 91' lang='lat' dir='ltr'>per</span> <span class='ocrx_word' id='word_1_37' title='bbox 1293 1011 1414 1075; x_wconf 93' lang='lat' dir='ltr'>dictum</span> <span class='ocrx_word' id='word_1_38' title='bbox 1431 1013 1508 1075; x_wconf 92' lang='lat' dir='ltr'>olim</span> <span class='ocrx_word' id='word_1_39' title='bbox 1525 1013 1624 1076; x_wconf 90' lang='lat' dir='ltr'>dnum</span> <span class='ocrx_word' id='word_1_40' title='bbox 1641 1013 1784 1086; x_wconf 82' lang='lat' dir='ltr'>Urielem</span> 
     </span>
     <span class='ocr_line' id='line_1_5' title="bbox 225 1117 1785 1201; baseline 0.001 -20"><span class='ocrx_word' id='word_1_41' title='bbox 225 1119 333 1201; x_wconf 91' lang='lat' dir='ltr'>Epum</span> <span class='ocrx_word' id='word_1_42' title='bbox 358 1119 494 1182; x_wconf 87' lang='lat' dir='ltr'>ecclesie</span> <span class='ocrx_word' id='word_1_43' title='bbox 517 1119 655 1181; x_wconf 89' lang='lat' dir='ltr'>Poznan.</span> <span class='ocrx_word' id='word_1_44' title='bbox 681 1139 740 1200; x_wconf 92' lang='lat' dir='ltr'>pro</span> <span class='ocrx_word' id='word_1_45' title='bbox 765 1117 973 1182; x_wconf 85' lang='lat' dir='ltr'>edificacione</span> <span class='ocrx_word' id='word_1_46' title='bbox 997 1119 1092 1182; x_wconf 91' lang='lat' dir='ltr'>turris</span> <span class='ocrx_word' id='word_1_47' title='bbox 1116 1119 1388 1182; x_wconf 89' lang='lat' dir='ltr'>testamentaliter</span> <span class='ocrx_word' id='word_1_48' title='bbox 1410 1119 1552 1201; x_wconf 88' lang='lat' dir='ltr'>legatas,</span> <span class='ocrx_word' id='word_1_49' title='bbox 1583 1118 1624 1180; x_wconf 91' lang='lat' dir='ltr'>de</span> <span class='ocrx_word' id='word_1_50' title='bbox 1657 1121 1785 1201; x_wconf 92' lang='lat' dir='ltr'>quibus-</span> 
     </span>
     <span class='ocr_line' id='line_1_6' title="bbox 226 1225 1784 1308; baseline 0 -20"><span class='ocrx_word' id='word_1_51' title='bbox 226 1226 355 1308; x_wconf 90' lang='lat' dir='ltr'>quidem</span> <span class='ocrx_word' id='word_1_52' title='bbox 379 1225 435 1289; x_wconf 89' lang='lat' dir='ltr'>CC</span> <span class='ocrx_word' id='word_1_53' title='bbox 459 1227 575 1288; x_wconf 91' lang='lat' dir='ltr'>marcis</span> <span class='ocrx_word' id='word_1_54' title='bbox 598 1226 704 1308; x_wconf 91' lang='lat' dir='ltr'>ipsum</span> <span class='ocrx_word' id='word_1_55' title='bbox 728 1225 828 1288; x_wconf 92' lang='lat' dir='ltr'>dnum</span> <span class='ocrx_word' id='word_1_56' title='bbox 853 1226 976 1290; x_wconf 84' lang='lat' dir='ltr'>Lucam</span> <span class='ocrx_word' id='word_1_57' title='bbox 1001 1227 1243 1308; x_wconf 88' lang='lat' dir='ltr'>quietaverunt;</span> <span class='ocrx_word' id='word_1_58' title='bbox 1268 1227 1474 1306; x_wconf 86' lang='lat' dir='ltr'>presentibus</span> <span class='ocrx_word' id='word_1_59' title='bbox 1498 1225 1619 1288; x_wconf 86' lang='lat' dir='ltr'>ibidem</span> <span class='ocrx_word' id='word_1_60' title='bbox 1640 1227 1784 1289; x_wconf 88' lang='lat' dir='ltr'>Iohanne</span> 
     </span>
     <span class='ocr_line' id='line_1_7' title="bbox 225 1331 1608 1416; baseline -0.002 -18"><span class='ocrx_word' id='word_1_61' title='bbox 225 1331 361 1414; x_wconf 89' lang='lat' dir='ltr'>Mlynek</span> <span class='ocrx_word' id='word_1_62' title='bbox 384 1334 505 1399; x_wconf 89' lang='lat' dir='ltr'>vicario</span> <span class='ocrx_word' id='word_1_63' title='bbox 529 1343 689 1415; x_wconf 88' lang='lat' dir='ltr'>perpetuo</span> <span class='ocrx_word' id='word_1_64' title='bbox 712 1331 850 1396; x_wconf 90' lang='lat' dir='ltr'>Poznan.</span> <span class='ocrx_word' id='word_1_65' title='bbox 876 1343 909 1396; x_wconf 91' lang='lat' dir='ltr'>et</span> <span class='ocrx_word' id='word_1_66' title='bbox 934 1333 1070 1398; x_wconf 88' lang='lat' dir='ltr'>Andrea</span> <span class='ocrx_word' id='word_1_67' title='bbox 1095 1333 1294 1398; x_wconf 88' lang='lat' dir='ltr'>Zacrzewski</span> <span class='ocrx_word' id='word_1_68' title='bbox 1319 1335 1445 1396; x_wconf 89' lang='lat' dir='ltr'>notario</span> <span class='ocrx_word' id='word_1_69' title='bbox 1469 1333 1608 1416; x_wconf 90' lang='lat' dir='ltr'>publico.</span> 
     </span>
    </p>
   </div>
   <div class='ocr_carea' id='block_1_2' title="bbox 223 1469 1785 2285">
    <p class='ocr_par' dir='ltr' id='par_1_2' title="bbox 223 1469 1785 2285">
     <span class='ocr_line' id='line_1_8' title="bbox 333 1469 1785 1556; baseline 0.002 -18"><span class='ocrx_word' id='word_1_70' title='bbox 333 1469 421 1538; x_wconf 85' lang='lat'><strong>884.</strong></span> <span class='ocrx_word' id='word_1_71' title='bbox 446 1474 549 1556; x_wconf 87' lang='lat' dir='ltr'>(ibid.)</span> <span class='ocrx_word' id='word_1_72' title='bbox 572 1475 698 1538; x_wconf 91' lang='lat' dir='ltr'>Eodem</span> <span class='ocrx_word' id='word_1_73' title='bbox 715 1475 775 1547; x_wconf 90' lang='lat' dir='ltr'>die,</span> <span class='ocrx_word' id='word_1_74' title='bbox 793 1495 859 1556; x_wconf 91' lang='lat' dir='ltr'>quo</span> <span class='ocrx_word' id='word_1_75' title='bbox 883 1495 989 1556; x_wconf 91' lang='lat' dir='ltr'>supra,</span> <span class='ocrx_word' id='word_1_76' title='bbox 1014 1473 1094 1536; x_wconf 89' lang='lat' dir='ltr'>hora</span> <span class='ocrx_word' id='word_1_77' title='bbox 1118 1495 1330 1555; x_wconf 89' lang='lat' dir='ltr'>vesperorum</span> <span class='ocrx_word' id='word_1_78' title='bbox 1354 1475 1487 1556; x_wconf 81' lang='lat' dir='ltr'>prefatis</span> <span class='ocrx_word' id='word_1_79' title='bbox 1512 1473 1584 1537; x_wconf 92' lang='lat' dir='ltr'>dnis</span> <span class='ocrx_word' id='word_1_80' title='bbox 1607 1475 1649 1538; x_wconf 89' lang='lat' dir='ltr'>ad</span> <span class='ocrx_word' id='word_1_81' title='bbox 1669 1496 1785 1541; x_wconf 90' lang='lat' dir='ltr'>sonum</span> 
     </span>
     <span class='ocr_line' id='line_1_9' title="bbox 225 1581 1783 1663; baseline 0.002 -21"><span class='ocrx_word' id='word_1_82' title='bbox 225 1599 384 1660; x_wconf 87' lang='lat' dir='ltr'>campane</span> <span class='ocrx_word' id='word_1_83' title='bbox 407 1583 623 1663; x_wconf 82' lang='lat' dir='ltr'>congregatis.</span> <span class='ocrx_word' id='word_1_84' title='bbox 647 1581 768 1644; x_wconf 89' lang='lat' dir='ltr'>Iterum</span> <span class='ocrx_word' id='word_1_85' title='bbox 793 1581 877 1644; x_wconf 91' lang='lat' dir='ltr'>idem</span> <span class='ocrx_word' id='word_1_86' title='bbox 903 1581 957 1644; x_wconf 94' lang='lat' dir='ltr'>dni</span> <span class='ocrx_word' id='word_1_87' title='bbox 981 1581 1121 1644; x_wconf 82' lang='lat' dir='ltr'>confessi</span> <span class='ocrx_word' id='word_1_88' title='bbox 1145 1591 1221 1644; x_wconf 90' lang='lat' dir='ltr'>sunt</span> <span class='ocrx_word' id='word_1_89' title='bbox 1237 1601 1273 1644; x_wconf 92' lang='lat' dir='ltr'>se</span> <span class='ocrx_word' id='word_1_90' title='bbox 1288 1583 1452 1663; x_wconf 80' lang='lat' dir='ltr'>recepisse</span> <span class='ocrx_word' id='word_1_91' title='bbox 1468 1603 1488 1644; x_wconf 94' lang='lat' dir='ltr'>a</span> <span class='ocrx_word' id='word_1_92' title='bbox 1504 1582 1592 1644; x_wconf 90' lang='lat' dir='ltr'>dicto</span> <span class='ocrx_word' id='word_1_93' title='bbox 1608 1581 1675 1644; x_wconf 90' lang='lat' dir='ltr'>dno</span> <span class='ocrx_word' id='word_1_94' title='bbox 1692 1582 1783 1646; x_wconf 87' lang='lat' dir='ltr'>Luca</span> 
     </span>
     <span class='ocr_line' id='line_1_10' title="bbox 225 1687 1782 1770; baseline 0.003 -22"><span class='ocrx_word' id='word_1_95' title='bbox 225 1699 362 1766; x_wconf 88' lang='lat' dir='ltr'>nepote,</span> <span class='ocrx_word' id='word_1_96' title='bbox 394 1707 584 1750; x_wconf 87' lang='lat' dir='ltr'>successore</span> <span class='ocrx_word' id='word_1_97' title='bbox 615 1697 649 1750; x_wconf 91' lang='lat' dir='ltr'>et</span> <span class='ocrx_word' id='word_1_98' title='bbox 680 1698 859 1752; x_wconf 87' lang='lat' dir='ltr'>executore</span> <span class='ocrx_word' id='word_1_99' title='bbox 882 1691 1071 1754; x_wconf 86' lang='lat' dir='ltr'>testamenti</span> <span class='ocrx_word' id='word_1_100' title='bbox 1096 1689 1174 1750; x_wconf 90' lang='lat' dir='ltr'>olim</span> <span class='ocrx_word' id='word_1_101' title='bbox 1198 1689 1274 1750; x_wconf 91' lang='lat' dir='ltr'>Rmi</span> <span class='ocrx_word' id='word_1_102' title='bbox 1298 1689 1352 1750; x_wconf 92' lang='lat' dir='ltr'>dni</span> <span class='ocrx_word' id='word_1_103' title='bbox 1375 1689 1494 1752; x_wconf 89' lang='lat' dir='ltr'>Urielis</span> <span class='ocrx_word' id='word_1_104' title='bbox 1518 1689 1558 1750; x_wconf 92' lang='lat' dir='ltr'>de</span> <span class='ocrx_word' id='word_1_105' title='bbox 1583 1687 1695 1752; x_wconf 81' lang='lat' dir='ltr'>Gorlra</span> <span class='ocrx_word' id='word_1_106' title='bbox 1719 1689 1782 1770; x_wconf 89' lang='lat' dir='ltr'>Epi</span> 
     </span>
     <span class='ocr_line' id='line_1_11' title="bbox 224 1792 1780 1878; baseline 0.004 -24"><span class='ocrx_word' id='word_1_107' title='bbox 224 1792 373 1874; x_wconf 87' lang='lat' dir='ltr'>Poznan.,</span> <span class='ocrx_word' id='word_1_108' title='bbox 399 1793 483 1857; x_wconf 91' lang='lat' dir='ltr'>CCC</span> <span class='ocrx_word' id='word_1_109' title='bbox 506 1794 573 1857; x_wconf 91' lang='lat' dir='ltr'>flor.</span> <span class='ocrx_word' id='word_1_110' title='bbox 598 1794 812 1878; x_wconf 87' lang='lat' dir='ltr'>Ungaricales</span> <span class='ocrx_word' id='word_1_111' title='bbox 843 1816 904 1876; x_wconf 92' lang='lat' dir='ltr'>pro</span> <span class='ocrx_word' id='word_1_112' title='bbox 939 1795 1105 1858; x_wconf 83' lang='lat' dir='ltr'>fundenda</span> <span class='ocrx_word' id='word_1_113' title='bbox 1135 1815 1295 1876; x_wconf 91' lang='lat' dir='ltr'>campana</span> <span class='ocrx_word' id='word_1_114' title='bbox 1326 1793 1461 1858; x_wconf 88' lang='lat' dir='ltr'>ecclesie</span> <span class='ocrx_word' id='word_1_115' title='bbox 1493 1795 1605 1860; x_wconf 82' lang='lat' dir='ltr'>maiori</span> <span class='ocrx_word' id='word_1_116' title='bbox 1640 1797 1780 1860; x_wconf 76' lang='lat' dir='ltr'>Poznan.</span> 
     </span>
     <span class='ocr_line' id='line_1_12' title="bbox 224 1901 1783 1984; baseline 0.003 -21"><span class='ocrx_word' id='word_1_117' title='bbox 224 1901 493 1964; x_wconf 88' lang='lat' dir='ltr'>testamentaliter</span> <span class='ocrx_word' id='word_1_118' title='bbox 515 1901 656 1984; x_wconf 86' lang='lat' dir='ltr'>legatos.</span> <span class='ocrx_word' id='word_1_119' title='bbox 682 1902 721 1964; x_wconf 92' lang='lat' dir='ltr'>de</span> <span class='ocrx_word' id='word_1_120' title='bbox 747 1903 862 1984; x_wconf 90' lang='lat' dir='ltr'>quibus</span> <span class='ocrx_word' id='word_1_121' title='bbox 886 1903 988 1966; x_wconf 89' lang='lat' dir='ltr'>eciam</span> <span class='ocrx_word' id='word_1_122' title='bbox 1006 1901 1090 1966; x_wconf 92' lang='lat' dir='ltr'>CCC</span> <span class='ocrx_word' id='word_1_123' title='bbox 1106 1903 1174 1966; x_wconf 91' lang='lat' dir='ltr'>llor.</span> <span class='ocrx_word' id='word_1_124' title='bbox 1192 1903 1237 1965; x_wconf 89' lang='lat' dir='ltr'>sic</span> <span class='ocrx_word' id='word_1_125' title='bbox 1255 1902 1371 1965; x_wconf 88' lang='lat' dir='ltr'>levatis</span> <span class='ocrx_word' id='word_1_126' title='bbox 1388 1902 1525 1968; x_wconf 89' lang='lat' dir='ltr'>eundem</span> <span class='ocrx_word' id='word_1_127' title='bbox 1543 1903 1642 1966; x_wconf 91' lang='lat' dir='ltr'>dnum</span> <span class='ocrx_word' id='word_1_128' title='bbox 1659 1903 1783 1968; x_wconf 87' lang='lat' dir='ltr'>Lucam</span> 
     </span>
     <span class='ocr_line' id='line_1_13' title="bbox 223 2009 1781 2091; baseline 0.005 -21"><span class='ocrx_word' id='word_1_129' title='bbox 223 2021 433 2070; x_wconf 72' lang='lat' dir='ltr'>executorem</span> <span class='ocrx_word' id='word_1_130' title='bbox 465 2009 691 2090; x_wconf 88' lang='lat' dir='ltr'>quietaverunt</span> <span class='ocrx_word' id='word_1_131' title='bbox 723 2019 756 2072; x_wconf 90' lang='lat' dir='ltr'>et</span> <span class='ocrx_word' id='word_1_132' title='bbox 781 2011 962 2091; x_wconf 89' lang='lat' dir='ltr'>quietatum</span> <span class='ocrx_word' id='word_1_133' title='bbox 986 2009 1210 2086; x_wconf 85' lang='lat' dir='ltr'>reddiderunt;</span> <span class='ocrx_word' id='word_1_134' title='bbox 1243 2011 1448 2090; x_wconf 87' lang='lat' dir='ltr'>presentibus</span> <span class='ocrx_word' id='word_1_135' title='bbox 1481 2010 1598 2073; x_wconf 89' lang='lat' dir='ltr'>ibidem</span> <span class='ocrx_word' id='word_1_136' title='bbox 1624 2011 1722 2074; x_wconf 93' lang='lat' dir='ltr'>nobili</span> <span class='ocrx_word' id='word_1_137' title='bbox 1748 2025 1781 2078; x_wconf 91' lang='lat' dir='ltr'>et</span> 
     </span>
     <span class='ocr_line' id='line_1_14' title="bbox 224 2114 1782 2200; baseline 0.004 -24"><span class='ocrx_word' id='word_1_138' title='bbox 224 2115 364 2178; x_wconf 88' lang='lat' dir='ltr'>discreto</span> <span class='ocrx_word' id='word_1_139' title='bbox 390 2114 531 2179; x_wconf 88' lang='lat' dir='ltr'>Alberto</span> <span class='ocrx_word' id='word_1_140' title='bbox 556 2115 829 2198; x_wconf 81' lang='lat' dir='ltr'>Trampczynslry</span> <span class='ocrx_word' id='word_1_141' title='bbox 853 2126 887 2180; x_wconf 92' lang='lat' dir='ltr'>et</span> <span class='ocrx_word' id='word_1_142' title='bbox 912 2115 1055 2200; x_wconf 80' lang='lat' dir='ltr'>Georgio</span> <span class='ocrx_word' id='word_1_143' title='bbox 1079 2117 1120 2182; x_wconf 89' lang='lat' dir='ltr'>de</span> <span class='ocrx_word' id='word_1_144' title='bbox 1145 2116 1279 2180; x_wconf 68' lang='lat' dir='ltr'>Gnezn&#39;a</span> <span class='ocrx_word' id='word_1_145' title='bbox 1303 2117 1421 2180; x_wconf 90' lang='lat' dir='ltr'>clerico</span> <span class='ocrx_word' id='word_1_146' title='bbox 1446 2115 1568 2180; x_wconf 87' lang='lat' dir='ltr'>Gnezn.</span> <span class='ocrx_word' id='word_1_147' title='bbox 1592 2128 1625 2181; x_wconf 93' lang='lat' dir='ltr'>et</span> <span class='ocrx_word' id='word_1_148' title='bbox 1641 2119 1782 2183; x_wconf 83' lang='lat' dir='ltr'>Poznan.</span> 
     </span>
     <span class='ocr_line' id='line_1_15' title="bbox 224 2221 374 2285; baseline 0.007 -1"><span class='ocrx_word' id='word_1_149' title='bbox 224 2221 374 2285; x_wconf 89' lang='lat' dir='ltr'>diocesis.</span> 
     </span>
    </p>
   </div>
   <div class='ocr_carea' id='block_1_3' title="bbox 439 2417 1351 2500">
    <p class='ocr_par' dir='ltr' id='par_1_3' title="bbox 439 2417 1351 2500">
     <span class='ocr_line' id='line_1_16' title="bbox 439 2417 1351 2500; baseline -0.002 -18"><span class='ocrx_word' id='word_1_150' title='bbox 439 2417 482 2482; x_wconf 85' lang='lat' dir='ltr'>A.</span> <span class='ocrx_word' id='word_1_151' title='bbox 512 2417 611 2496; x_wconf 89' lang='lat'>1498,</span> <span class='ocrx_word' id='word_1_152' title='bbox 635 2417 760 2498; x_wconf 89' lang='lat' dir='ltr'>Aprilis</span> <span class='ocrx_word' id='word_1_153' title='bbox 788 2434 843 2496; x_wconf 88' lang='lat'>19,</span> <span class='ocrx_word' id='word_1_154' title='bbox 866 2418 898 2480; x_wconf 93' lang='lat' dir='ltr'>in</span> <span class='ocrx_word' id='word_1_155' title='bbox 922 2417 1067 2499; x_wconf 89' lang='lat' dir='ltr'>capitulo</span> <span class='ocrx_word' id='word_1_156' title='bbox 1090 2417 1244 2500; x_wconf 85' lang='lat' dir='ltr'>generali.</span> <span class='ocrx_word' id='word_1_157' title='bbox 1347 2485 1351 2492; x_wconf 64' lang='grc'><em>,</em></span> 
     </span>
    </p>
   </div>
   <div class='ocr_carea' id='block_1_4' title="bbox 221 2554 1782 3710">
    <p class='ocr_par' dir='ltr' id='par_1_4' title="bbox 221 2554 1782 3710">
     <span class='ocr_line' id='line_1_17' title="bbox 331 2554 1782 2644; baseline 0.004 -22"><span class='ocrx_word' id='word_1_158' title='bbox 331 2554 419 2624; x_wconf 79' lang='grc'>885.</span> <span class='ocrx_word' id='word_1_159' title='bbox 453 2559 504 2640; x_wconf 81' lang='lat' dir='ltr'>(V.</span> <span class='ocrx_word' id='word_1_160' title='bbox 534 2561 616 2639; x_wconf 86' lang='lat'>155).</span> <span class='ocrx_word' id='word_1_161' title='bbox 653 2559 933 2641; x_wconf 89' lang='lat' dir='ltr'>Capitulum</span> <span class='ocrx_word' id='word_1_162' title='bbox 969 2559 1196 2642; x_wconf 85' lang='lat' dir='ltr'>generale</span> <span class='ocrx_word' id='word_1_163' title='bbox 1231 2581 1291 2640; x_wconf 93' lang='lat' dir='ltr'>pro</span> <span class='ocrx_word' id='word_1_164' title='bbox 1327 2558 1572 2622; x_wconf 89' lang='lat' dir='ltr'>electione</span> <span class='ocrx_word' id='word_1_165' title='bbox 1606 2559 1702 2623; x_wconf 80' lang='lat' dir='ltr'>futuri</span> <span class='ocrx_word' id='word_1_166' title='bbox 1730 2567 1782 2644; x_wconf 92' lang='lat' dir='ltr'>epi</span> 
     </span>
     <span class='ocr_line' id='line_1_18' title="bbox 224 2665 1782 2750; baseline 0.004 -23"><span class='ocrx_word' id='word_1_167' title='bbox 224 2665 422 2730; x_wconf 89' lang='lat' dir='ltr'>celebratum</span> <span class='ocrx_word' id='word_1_168' title='bbox 447 2665 490 2728; x_wconf 92' lang='lat' dir='ltr'>A.</span> <span class='ocrx_word' id='word_1_169' title='bbox 516 2665 555 2732; x_wconf 91' lang='lat' dir='ltr'>D.</span> <span class='ocrx_word' id='word_1_170' title='bbox 585 2667 666 2746; x_wconf 88' lang='lat'>1498</span> <span class='ocrx_word' id='word_1_171' title='bbox 691 2666 743 2730; x_wconf 94' lang='lat' dir='ltr'>die</span> <span class='ocrx_word' id='word_1_172' title='bbox 766 2667 851 2730; x_wconf 93' lang='lat' dir='ltr'>lovis</span> <span class='ocrx_word' id='word_1_173' title='bbox 875 2667 955 2729; x_wconf 92' lang='lat' dir='ltr'>XIX</span> <span class='ocrx_word' id='word_1_174' title='bbox 978 2666 1110 2747; x_wconf 89' lang='lat' dir='ltr'>Aprilis.</span> <span class='ocrx_word' id='word_1_175' title='bbox 1134 2667 1227 2730; x_wconf 92' lang='lat' dir='ltr'>Rdus</span> <span class='ocrx_word' id='word_1_176' title='bbox 1250 2677 1343 2750; x_wconf 88' lang='lat' dir='ltr'>pater</span> <span class='ocrx_word' id='word_1_177' title='bbox 1366 2677 1399 2729; x_wconf 93' lang='lat' dir='ltr'>et</span> <span class='ocrx_word' id='word_1_178' title='bbox 1422 2687 1531 2730; x_wconf 89' lang='lat' dir='ltr'>vener.</span> <span class='ocrx_word' id='word_1_179' title='bbox 1549 2667 1603 2729; x_wconf 93' lang='lat' dir='ltr'>dni</span> <span class='ocrx_word' id='word_1_180' title='bbox 1620 2667 1782 2733; x_wconf 88' lang='lat' dir='ltr'>lohannes</span> 
     </span>
     <span class='ocr_line' id='line_1_19' title="bbox 225 2773 1782 2849; baseline 0.003 -14"><span class='ocrx_word' id='word_1_181' title='bbox 225 2773 403 2836; x_wconf 87' lang='lat' dir='ltr'>Lukowski</span> <span class='ocrx_word' id='word_1_182' title='bbox 432 2773 574 2837; x_wconf 90' lang='lat' dir='ltr'>decanus</span> <span class='ocrx_word' id='word_1_183' title='bbox 606 2783 639 2838; x_wconf 94' lang='lat' dir='ltr'>et</span> <span class='ocrx_word' id='word_1_184' title='bbox 670 2775 919 2845; x_wconf 89' lang='lat' dir='ltr'>administrator,</span> <span class='ocrx_word' id='word_1_185' title='bbox 954 2773 1109 2836; x_wconf 89' lang='lat' dir='ltr'>Nicolaus</span> <span class='ocrx_word' id='word_1_186' title='bbox 1145 2774 1278 2838; x_wconf 90' lang='lat' dir='ltr'>Cotvicz</span> <span class='ocrx_word' id='word_1_187' title='bbox 1309 2773 1567 2849; x_wconf 86' lang='lat' dir='ltr'>archidiaconus,</span> <span class='ocrx_word' id='word_1_188' title='bbox 1603 2775 1782 2839; x_wconf 90' lang='lat' dir='ltr'>Anselmus</span> 
     </span>
     <span class='ocr_line' id='line_1_20' title="bbox 224 2880 1782 2962; baseline 0.001 -18"><span class='ocrx_word' id='word_1_189' title='bbox 224 2880 416 2962; x_wconf 86' lang='lat' dir='ltr'>Lukowsky</span> <span class='ocrx_word' id='word_1_190' title='bbox 441 2893 562 2956; x_wconf 88' lang='lat' dir='ltr'>cantor,</span> <span class='ocrx_word' id='word_1_191' title='bbox 587 2881 750 2946; x_wconf 86' lang='lat' dir='ltr'>Iohannes</span> <span class='ocrx_word' id='word_1_192' title='bbox 775 2881 965 2962; x_wconf 84' lang='lat' dir='ltr'>Crothosky</span> <span class='ocrx_word' id='word_1_193' title='bbox 990 2881 1197 2956; x_wconf 87' lang='lat' dir='ltr'>scolasticus,</span> <span class='ocrx_word' id='word_1_194' title='bbox 1229 2880 1383 2948; x_wconf 87' lang='lat' dir='ltr'>Nicolaus</span> <span class='ocrx_word' id='word_1_195' title='bbox 1414 2881 1455 2944; x_wconf 91' lang='lat' dir='ltr'>de</span> <span class='ocrx_word' id='word_1_196' title='bbox 1486 2881 1604 2946; x_wconf 89' lang='lat' dir='ltr'>Scudla</span> <span class='ocrx_word' id='word_1_197' title='bbox 1631 2882 1782 2946; x_wconf 88' lang='lat' dir='ltr'>archidia-</span> 
     </span>
     <span class='ocr_line' id='line_1_21' title="bbox 223 2987 1781 3071; baseline 0.003 -21"><span class='ocrx_word' id='word_1_198' title='bbox 223 3007 325 3050; x_wconf 90' lang='lat' dir='ltr'>conus</span> <span class='ocrx_word' id='word_1_199' title='bbox 348 2987 560 3062; x_wconf 84' lang='lat' dir='ltr'>Srzemensis,</span> <span class='ocrx_word' id='word_1_200' title='bbox 586 2988 745 3052; x_wconf 90' lang='lat' dir='ltr'>Albertus</span> <span class='ocrx_word' id='word_1_201' title='bbox 767 2987 890 3054; x_wconf 50' lang='lat' dir='ltr'>,Gorski</span> <span class='ocrx_word' id='word_1_202' title='bbox 917 2989 1143 3062; x_wconf 87' lang='lat' dir='ltr'>cancellarius,</span> <span class='ocrx_word' id='word_1_203' title='bbox 1168 2988 1319 3052; x_wconf 88' lang='lat' dir='ltr'>Andreas</span> <span class='ocrx_word' id='word_1_204' title='bbox 1338 2988 1560 3071; x_wconf 85' lang='lat' dir='ltr'>Rogalynski,</span> <span class='ocrx_word' id='word_1_205' title='bbox 1583 2991 1781 3056; x_wconf 91' lang='lat' dir='ltr'>Vincencius</span> 
     </span>
     <span class='ocr_line' id='line_1_22' title="bbox 223 3094 1782 3177; baseline 0.001 -19"><span class='ocrx_word' id='word_1_206' title='bbox 223 3094 472 3170; x_wconf 78' lang='lat' dir='ltr'>Strzalkowslci,</span> <span class='ocrx_word' id='word_1_207' title='bbox 496 3095 650 3160; x_wconf 85' lang='lat' dir='ltr'>Nicolaus</span> <span class='ocrx_word' id='word_1_208' title='bbox 675 3096 845 3170; x_wconf 81' lang='lat' dir='ltr'>Caaczslri,</span> <span class='ocrx_word' id='word_1_209' title='bbox 870 3095 1067 3160; x_wconf 89' lang='lat' dir='ltr'>Wladislaus</span> <span class='ocrx_word' id='word_1_210' title='bbox 1090 3096 1215 3176; x_wconf 85' lang='lat' dir='ltr'>doctor,</span> <span class='ocrx_word' id='word_1_211' title='bbox 1239 3096 1353 3162; x_wconf 90' lang='lat' dir='ltr'>Petrus</span> <span class='ocrx_word' id='word_1_212' title='bbox 1370 3096 1599 3177; x_wconf 88' lang='lat' dir='ltr'>Rambynsky,</span> <span class='ocrx_word' id='word_1_213' title='bbox 1622 3097 1782 3162; x_wconf 88' lang='lat' dir='ltr'>Martinus</span> 
     </span>
     <span class='ocr_line' id='line_1_23' title="bbox 223 3200 1782 3284; baseline 0.002 -19"><span class='ocrx_word' id='word_1_214' title='bbox 223 3203 264 3265; x_wconf 94' lang='lat' dir='ltr'>de</span> <span class='ocrx_word' id='word_1_215' title='bbox 288 3201 502 3276; x_wconf 87' lang='lat' dir='ltr'>Dambrowa,</span> <span class='ocrx_word' id='word_1_216' title='bbox 535 3202 686 3268; x_wconf 83' lang='lat' dir='ltr'>Andreas</span> <span class='ocrx_word' id='word_1_217' title='bbox 712 3201 968 3284; x_wconf 86' lang='lat' dir='ltr'>Golucbowsky,</span> <span class='ocrx_word' id='word_1_218' title='bbox 1000 3203 1059 3266; x_wconf 93' lang='lat' dir='ltr'>Iob</span> <span class='ocrx_word' id='word_1_219' title='bbox 1084 3201 1306 3284; x_wconf 83' lang='lat' dir='ltr'>Roskowsky,</span> <span class='ocrx_word' id='word_1_220' title='bbox 1330 3200 1556 3283; x_wconf 81' lang='lat' dir='ltr'>sigismundus</span> <span class='ocrx_word' id='word_1_221' title='bbox 1580 3204 1620 3266; x_wconf 92' lang='lat' dir='ltr'>de</span> <span class='ocrx_word' id='word_1_222' title='bbox 1644 3203 1782 3284; x_wconf 89' lang='lat' dir='ltr'>Camye-</span> 
     </span>
     <span class='ocr_line' id='line_1_24' title="bbox 223 3307 1782 3392; baseline 0.003 -22"><span class='ocrx_word' id='word_1_223' title='bbox 223 3329 341 3390; x_wconf 86' lang='lat' dir='ltr'>nyecz,</span> <span class='ocrx_word' id='word_1_224' title='bbox 374 3307 527 3374; x_wconf 85' lang='lat' dir='ltr'>Andreas</span> <span class='ocrx_word' id='word_1_225' title='bbox 550 3307 737 3389; x_wconf 85' lang='lat' dir='ltr'>Czeselsky,</span> <span class='ocrx_word' id='word_1_226' title='bbox 770 3307 970 3374; x_wconf 87' lang='lat' dir='ltr'>Laurencius</span> <span class='ocrx_word' id='word_1_227' title='bbox 998 3308 1242 3392; x_wconf 82' lang='lat' dir='ltr'>Grodzyczshy,</span> <span class='ocrx_word' id='word_1_228' title='bbox 1273 3309 1434 3372; x_wconf 91' lang='lat' dir='ltr'>Iohannes</span> <span class='ocrx_word' id='word_1_229' title='bbox 1459 3307 1600 3390; x_wconf 86' lang='lat' dir='ltr'>Gorsky,</span> <span class='ocrx_word' id='word_1_230' title='bbox 1631 3309 1782 3374; x_wconf 84' lang='lat' dir='ltr'>Stelanus</span> 
     </span>
     <span class='ocr_line' id='line_1_25' title="bbox 222 3414 1780 3504; baseline 0.003 -28"><span class='ocrx_word' id='word_1_231' title='bbox 222 3415 413 3498; x_wconf 83' lang='lat' dir='ltr'>Rysynsky‚</span> <span class='ocrx_word' id='word_1_232' title='bbox 437 3415 598 3481; x_wconf 90' lang='lat' dir='ltr'>lohannes</span> <span class='ocrx_word' id='word_1_233' title='bbox 622 3415 790 3496; x_wconf 86' lang='lat' dir='ltr'>Latalsky‚</span> <span class='ocrx_word' id='word_1_234' title='bbox 822 3416 978 3480; x_wconf 91' lang='lat' dir='ltr'>Nicolaus</span> <span class='ocrx_word' id='word_1_235' title='bbox 1003 3415 1139 3504; x_wconf 69' lang='lat' dir='ltr'>Olesty,</span> <span class='ocrx_word' id='word_1_236' title='bbox 1164 3416 1322 3482; x_wconf 91' lang='lat' dir='ltr'>Albertus</span> <span class='ocrx_word' id='word_1_237' title='bbox 1347 3414 1582 3500; x_wconf 87' lang='lat' dir='ltr'>Pakoslawsky</span> <span class='ocrx_word' id='word_1_238' title='bbox 1607 3416 1722 3498; x_wconf 90' lang='lat' dir='ltr'>prelati</span> <span class='ocrx_word' id='word_1_239' title='bbox 1746 3429 1780 3480; x_wconf 92' lang='lat' dir='ltr'>et</span> 
     </span>
     <span class='ocr_line' id='line_1_26' title="bbox 221 3521 1781 3608; baseline 0.004 -25"><span class='ocrx_word' id='word_1_240' title='bbox 221 3523 368 3584; x_wconf 86' lang='lat' dir='ltr'>canonici</span> <span class='ocrx_word' id='word_1_241' title='bbox 391 3523 528 3586; x_wconf 88' lang='lat' dir='ltr'>ecclesie</span> <span class='ocrx_word' id='word_1_242' title='bbox 552 3521 691 3585; x_wconf 90' lang='lat' dir='ltr'>Poznan.</span> <span class='ocrx_word' id='word_1_243' title='bbox 717 3523 758 3584; x_wconf 89' lang='lat' dir='ltr'>ad</span> <span class='ocrx_word' id='word_1_244' title='bbox 783 3543 899 3586; x_wconf 92' lang='lat' dir='ltr'>sonum</span> <span class='ocrx_word' id='word_1_245' title='bbox 924 3543 1081 3604; x_wconf 86' lang='lat' dir='ltr'>campane</span> <span class='ocrx_word' id='word_1_246' title='bbox 1098 3523 1318 3604; x_wconf 81' lang='lat' dir='ltr'>capitulariter</span> <span class='ocrx_word' id='word_1_247' title='bbox 1334 3524 1525 3606; x_wconf 81' lang='lat' dir='ltr'>congregati</span> <span class='ocrx_word' id='word_1_248' title='bbox 1541 3537 1602 3608; x_wconf 90' lang='lat' dir='ltr'>pto</span> <span class='ocrx_word' id='word_1_249' title='bbox 1618 3523 1781 3596; x_wconf 79' lang='lat' dir='ltr'>electione</span> 
     </span>
     <span class='ocr_line' id='line_1_27' title="bbox 223 3629 514 3710; baseline 0.007 -20"><span class='ocrx_word' id='word_1_250' title='bbox 223 3629 319 3698; x_wconf 83' lang='lat' dir='ltr'>futuri</span> <span class='ocrx_word' id='word_1_251' title='bbox 343 3629 514 3710; x_wconf 82' lang='lat' dir='ltr'>pontificis.</span> 
     </span>
    </p>
   </div>
   <div class='ocr_carea' id='block_1_5' title="bbox 219 3767 1781 4816">
    <p class='ocr_par' dir='ltr' id='par_1_5' title="bbox 219 3767 1781 4816">
     <span class='ocr_line' id='line_1_28' title="bbox 329 3767 1780 3853; baseline 0.001 -17"><span class='ocrx_word' id='word_1_252' title='bbox 329 3767 416 3838; x_wconf 85' lang='grc'>886.</span> <span class='ocrx_word' id='word_1_253' title='bbox 440 3771 495 3852; x_wconf 89' lang='lat' dir='ltr'>(V.</span> <span class='ocrx_word' id='word_1_254' title='bbox 517 3773 614 3852; x_wconf 82' lang='lat'><strong>155⁰).</strong></span> <span class='ocrx_word' id='word_1_255' title='bbox 637 3772 759 3836; x_wconf 88' lang='lat' dir='ltr'>Ibidem</span> <span class='ocrx_word' id='word_1_256' title='bbox 784 3773 877 3836; x_wconf 89' lang='lat' dir='ltr'>dictis</span> <span class='ocrx_word' id='word_1_257' title='bbox 901 3771 972 3836; x_wconf 90' lang='lat' dir='ltr'>dnis</span> <span class='ocrx_word' id='word_1_258' title='bbox 996 3792 1056 3853; x_wconf 92' lang='lat' dir='ltr'>pro</span> <span class='ocrx_word' id='word_1_259' title='bbox 1072 3771 1256 3836; x_wconf 87' lang='lat' dir='ltr'>huiusmodi</span> <span class='ocrx_word' id='word_1_260' title='bbox 1279 3781 1385 3837; x_wconf 90' lang='lat' dir='ltr'>actu</span> <span class='ocrx_word' id='word_1_261' title='bbox 1410 3770 1672 3836; x_wconf 88' lang='lat' dir='ltr'>electionis</span> <span class='ocrx_word' id='word_1_262' title='bbox 1695 3775 1780 3852; x_wconf 90' lang='lat' dir='ltr'>capi·</span> 
     </span>
     <span class='ocr_line' id='line_1_29' title="bbox 220 3877 1775 3961; baseline 0.004 -21"><span class='ocrx_word' id='word_1_263' title='bbox 220 3877 366 3944; x_wconf 88' lang='lat' dir='ltr'>tulariter</span> <span class='ocrx_word' id='word_1_264' title='bbox 388 3881 595 3960; x_wconf 86' lang='lat' dir='ltr'>congregatis</span> <span class='ocrx_word' id='word_1_265' title='bbox 619 3879 743 3944; x_wconf 87' lang='lat' dir='ltr'>interea</span> <span class='ocrx_word' id='word_1_266' title='bbox 766 3881 951 3961; x_wconf 88' lang='lat' dir='ltr'>supervenit</span> <span class='ocrx_word' id='word_1_267' title='bbox 975 3888 1083 3946; x_wconf 86' lang='lat' dir='ltr'>certus</span> <span class='ocrx_word' id='word_1_268' title='bbox 1099 3878 1310 3946; x_wconf 88' lang='lat' dir='ltr'>cubicularius</span> <span class='ocrx_word' id='word_1_269' title='bbox 1326 3879 1365 3945; x_wconf 90' lang='lat' dir='ltr'>R.</span> <span class='ocrx_word' id='word_1_270' title='bbox 1382 3879 1459 3944; x_wconf 78' lang='lat' dir='ltr'>ntis</span> <span class='ocrx_word' id='word_1_271' title='bbox 1475 3899 1548 3942; x_wconf 90' lang='lat' dir='ltr'>cum</span> <span class='ocrx_word' id='word_1_272' title='bbox 1565 3881 1680 3944; x_wconf 91' lang='lat' dir='ltr'>litteris</span> <span class='ocrx_word' id='word_1_273' title='bbox 1696 3885 1775 3950; x_wconf 89' lang='lat' dir='ltr'>eius·</span> 
     </span>
     <span class='ocr_line' id='line_1_30' title="bbox 222 3985 1781 4068; baseline 0.003 -20"><span class='ocrx_word' id='word_1_274' title='bbox 222 3986 297 4049; x_wconf 90' lang='lat' dir='ltr'>dem</span> <span class='ocrx_word' id='word_1_275' title='bbox 314 3985 518 4052; x_wconf 89' lang='lat' dir='ltr'>hortantibus</span> <span class='ocrx_word' id='word_1_276' title='bbox 542 3997 575 4050; x_wconf 89' lang='lat' dir='ltr'>et</span> <span class='ocrx_word' id='word_1_277' title='bbox 600 3986 829 4052; x_wconf 88' lang='lat' dir='ltr'>mandantibus</span> <span class='ocrx_word' id='word_1_278' title='bbox 852 3988 931 4068; x_wconf 91' lang='lat' dir='ltr'>ipsis</span> <span class='ocrx_word' id='word_1_279' title='bbox 955 3987 1042 4064; x_wconf 90' lang='lat' dir='ltr'>dnis,</span> <span class='ocrx_word' id='word_1_280' title='bbox 1067 3998 1103 4050; x_wconf 91' lang='lat' dir='ltr'>ut</span> <span class='ocrx_word' id='word_1_281' title='bbox 1116 3988 1222 4068; x_wconf 91' lang='lat' dir='ltr'>ipsum</span> <span class='ocrx_word' id='word_1_282' title='bbox 1238 3988 1411 4052; x_wconf 89' lang='lat' dir='ltr'>terminum</span> <span class='ocrx_word' id='word_1_283' title='bbox 1427 4007 1483 4052; x_wconf 88' lang='lat' dir='ltr'>seu</span> <span class='ocrx_word' id='word_1_284' title='bbox 1501 3985 1586 4050; x_wconf 91' lang='lat' dir='ltr'>diem</span> <span class='ocrx_word' id='word_1_285' title='bbox 1612 3988 1781 4054; x_wconf 88' lang='lat' dir='ltr'>electionis</span> 
     </span>
     <span class='ocr_line' id='line_1_31' title="bbox 221 4091 1775 4176; baseline 0.002 -21"><span class='ocrx_word' id='word_1_286' title='bbox 221 4091 328 4156; x_wconf 86' lang='lat' dir='ltr'>taliter</span> <span class='ocrx_word' id='word_1_287' title='bbox 353 4094 564 4159; x_wconf 88' lang='lat' dir='ltr'>constitutam</span> <span class='ocrx_word' id='word_1_288' title='bbox 587 4093 737 4158; x_wconf 82' lang='lat' dir='ltr'>different</span> <span class='ocrx_word' id='word_1_289' title='bbox 754 4103 787 4156; x_wconf 92' lang='lat' dir='ltr'>et</span> <span class='ocrx_word' id='word_1_290' title='bbox 805 4105 1021 4176; x_wconf 83' lang='lat' dir='ltr'>prorogarent</span> <span class='ocrx_word' id='word_1_291' title='bbox 1045 4092 1162 4158; x_wconf 89' lang='lat' dir='ltr'>abhinc</span> <span class='ocrx_word' id='word_1_292' title='bbox 1187 4107 1220 4156; x_wconf 91' lang='lat' dir='ltr'>et</span> <span class='ocrx_word' id='word_1_293' title='bbox 1244 4103 1310 4159; x_wconf 89' lang='lat' dir='ltr'>tres</span> <span class='ocrx_word' id='word_1_294' title='bbox 1335 4094 1549 4174; x_wconf 78' lang='lat' dir='ltr'>septimanae,</span> <span class='ocrx_word' id='word_1_295' title='bbox 1575 4116 1641 4176; x_wconf 90' lang='lat' dir='ltr'>quo</span> <span class='ocrx_word' id='word_1_296' title='bbox 1659 4097 1775 4160; x_wconf 91' lang='lat' dir='ltr'>nuncio</span> 
     </span>
     <span class='ocr_line' id='line_1_32' title="bbox 221 4199 1777 4284; baseline 0.004 -23"><span class='ocrx_word' id='word_1_297' title='bbox 221 4210 254 4262; x_wconf 91' lang='lat' dir='ltr'>et</span> <span class='ocrx_word' id='word_1_298' title='bbox 286 4199 399 4263; x_wconf 87' lang='lat' dir='ltr'>litteris</span> <span class='ocrx_word' id='word_1_299' title='bbox 429 4201 570 4280; x_wconf 90' lang='lat' dir='ltr'>receptis</span> <span class='ocrx_word' id='word_1_300' title='bbox 601 4201 656 4262; x_wconf 93' lang='lat' dir='ltr'>dni</span> <span class='ocrx_word' id='word_1_301' title='bbox 686 4200 813 4264; x_wconf 88' lang='lat' dir='ltr'>suerunt</span> <span class='ocrx_word' id='word_1_302' title='bbox 844 4201 1028 4264; x_wconf 81' lang='lat' dir='ltr'>differentes</span> <span class='ocrx_word' id='word_1_303' title='bbox 1061 4201 1093 4264; x_wconf 93' lang='lat' dir='ltr'>in</span> <span class='ocrx_word' id='word_1_304' title='bbox 1116 4202 1202 4264; x_wconf 90' lang='lat' dir='ltr'>votis</span> <span class='ocrx_word' id='word_1_305' title='bbox 1226 4200 1309 4266; x_wconf 91' lang='lat' dir='ltr'>suis:</span> <span class='ocrx_word' id='word_1_306' title='bbox 1342 4200 1532 4280; x_wconf 89' lang='lat' dir='ltr'>quibusdam</span> <span class='ocrx_word' id='word_1_307' title='bbox 1567 4213 1601 4268; x_wconf 90' lang='lat' dir='ltr'>et</span> <span class='ocrx_word' id='word_1_308' title='bbox 1631 4203 1777 4284; x_wconf 89' lang='lat' dir='ltr'>pluribus</span> 
     </span>
     <span class='ocr_line' id='line_1_33' title="bbox 221 4306 1778 4389; baseline 0.003 -22"><span class='ocrx_word' id='word_1_309' title='bbox 221 4306 440 4370; x_wconf 88' lang='lat' dir='ltr'>asserentibus</span> <span class='ocrx_word' id='word_1_310' title='bbox 464 4327 529 4368; x_wconf 92' lang='lat' dir='ltr'>non</span> <span class='ocrx_word' id='word_1_311' title='bbox 554 4327 626 4370; x_wconf 89' lang='lat' dir='ltr'>esse</span> <span class='ocrx_word' id='word_1_312' title='bbox 650 4308 859 4370; x_wconf 90' lang='lat' dir='ltr'>differendam</span> <span class='ocrx_word' id='word_1_313' title='bbox 884 4307 1076 4370; x_wconf 87' lang='lat' dir='ltr'>electionem</span> <span class='ocrx_word' id='word_1_314' title='bbox 1104 4307 1187 4369; x_wconf 92' lang='lat' dir='ltr'>ultra</span> <span class='ocrx_word' id='word_1_315' title='bbox 1210 4307 1382 4370; x_wconf 90' lang='lat' dir='ltr'>terminum</span> <span class='ocrx_word' id='word_1_316' title='bbox 1407 4307 1612 4389; x_wconf 89' lang='lat' dir='ltr'>designatum</span> <span class='ocrx_word' id='word_1_317' title='bbox 1637 4310 1778 4372; x_wconf 85' lang='lat' dir='ltr'>maxime</span> 
     </span>
     <span class='ocr_line' id='line_1_34' title="bbox 220 4412 1780 4496; baseline 0.003 -22"><span class='ocrx_word' id='word_1_318' title='bbox 220 4433 239 4474; x_wconf 88' lang='lat' dir='ltr'>a</span> <span class='ocrx_word' id='word_1_319' title='bbox 267 4413 334 4475; x_wconf 90' lang='lat' dir='ltr'>iure</span> <span class='ocrx_word' id='word_1_320' title='bbox 365 4413 550 4488; x_wconf 86' lang='lat' dir='ltr'>limitatum,</span> <span class='ocrx_word' id='word_1_321' title='bbox 582 4413 744 4477; x_wconf 91' lang='lat' dir='ltr'>nonnullis</span> <span class='ocrx_word' id='word_1_322' title='bbox 777 4415 957 4478; x_wconf 88' lang='lat' dir='ltr'>dicentibus</span> <span class='ocrx_word' id='word_1_323' title='bbox 991 4415 1169 4496; x_wconf 90' lang='lat' dir='ltr'>parendum</span> <span class='ocrx_word' id='word_1_324' title='bbox 1201 4433 1274 4478; x_wconf 89' lang='lat' dir='ltr'>esse</span> <span class='ocrx_word' id='word_1_325' title='bbox 1306 4412 1466 4476; x_wconf 88' lang='lat' dir='ltr'>mandatis</span> <span class='ocrx_word' id='word_1_326' title='bbox 1498 4415 1611 4496; x_wconf 79' lang='lat' dir='ltr'>regiis3</span> <span class='ocrx_word' id='word_1_327' title='bbox 1644 4415 1780 4480; x_wconf 87' lang='lat' dir='ltr'>finaliter</span> 
     </span>
     <span class='ocr_line' id='line_1_35' title="bbox 220 4521 1777 4604; baseline 0.002 -22"><span class='ocrx_word' id='word_1_328' title='bbox 220 4539 294 4582; x_wconf 90' lang='lat' dir='ltr'>cum</span> <span class='ocrx_word' id='word_1_329' title='bbox 318 4521 430 4582; x_wconf 87' lang='lat' dir='ltr'>maiori</span> <span class='ocrx_word' id='word_1_330' title='bbox 455 4531 547 4600; x_wconf 88' lang='lat' dir='ltr'>parte</span> <span class='ocrx_word' id='word_1_331' title='bbox 571 4521 758 4584; x_wconf 91' lang='lat' dir='ltr'>conclusum</span> <span class='ocrx_word' id='word_1_332' title='bbox 782 4521 856 4596; x_wconf 82' lang='lat' dir='ltr'>fuit,</span> <span class='ocrx_word' id='word_1_333' title='bbox 881 4522 1073 4586; x_wconf 90' lang='lat' dir='ltr'>electionem</span> <span class='ocrx_word' id='word_1_334' title='bbox 1098 4521 1201 4602; x_wconf 86' lang='lat' dir='ltr'>ipsam</span> <span class='ocrx_word' id='word_1_335' title='bbox 1226 4521 1407 4584; x_wconf 88' lang='lat' dir='ltr'>successive</span> <span class='ocrx_word' id='word_1_336' title='bbox 1427 4541 1500 4588; x_wconf 84' lang='lat' dir='ltr'>esse</span> <span class='ocrx_word' id='word_1_337' title='bbox 1516 4524 1777 4604; x_wconf 89' lang='lat' dir='ltr'>prosequendam</span> 
     </span>
     <span class='ocr_line' id='line_1_36' title="bbox 220 4627 1778 4719; baseline 0.003 -30"><span class='ocrx_word' id='word_1_338' title='bbox 220 4638 253 4690; x_wconf 93' lang='lat' dir='ltr'>et</span> <span class='ocrx_word' id='word_1_339' title='bbox 273 4627 529 4719; x_wconf 23' lang='lat' dir='ltr'>&#39;continuandam</span> <span class='ocrx_word' id='word_1_340' title='bbox 554 4649 656 4710; x_wconf 88' lang='lat' dir='ltr'>usque</span> <span class='ocrx_word' id='word_1_341' title='bbox 679 4628 722 4691; x_wconf 88' lang='lat' dir='ltr'>ad</span> <span class='ocrx_word' id='word_1_342' title='bbox 745 4630 894 4692; x_wconf 90' lang='lat' dir='ltr'>ultimum</span> <span class='ocrx_word' id='word_1_343' title='bbox 918 4639 1119 4695; x_wconf 89' lang='lat' dir='ltr'>momentum</span> <span class='ocrx_word' id='word_1_344' title='bbox 1145 4629 1302 4710; x_wconf 91' lang='lat' dir='ltr'>temporis</span> <span class='ocrx_word' id='word_1_345' title='bbox 1326 4627 1404 4708; x_wconf 93' lang='lat' dir='ltr'>ipsis</span> <span class='ocrx_word' id='word_1_346' title='bbox 1421 4627 1461 4692; x_wconf 91' lang='lat' dir='ltr'>de</span> <span class='ocrx_word' id='word_1_347' title='bbox 1477 4627 1544 4692; x_wconf 84' lang='lat' dir='ltr'>iure</span> <span class='ocrx_word' id='word_1_348' title='bbox 1560 4633 1778 4710; x_wconf 88' lang='lat' dir='ltr'>competentis</span> 
     </span>
     <span class='ocr_line' id='line_1_37' title="bbox 219 4732 426 4816; baseline -0.01 -20"><span class='ocrx_word' id='word_1_349' title='bbox 219 4744 252 4796; x_wconf 93' lang='lat' dir='ltr'>et</span> <span class='ocrx_word' id='word_1_350' title='bbox 276 4732 426 4816; x_wconf 85' lang='lat' dir='ltr'>prefiniti.</span> 
     </span>
    </p>
   </div>
   <div class='ocr_carea' id='block_1_6' title="bbox 435 4926 1230 5010">
    <p class='ocr_par' dir='ltr' id='par_1_6' title="bbox 435 4926 1230 5010">
     <span class='ocr_line' id='line_1_38' title="bbox 435 4926 1230 5010; baseline 0.001 -21"><span class='ocrx_word' id='word_1_351' title='bbox 435 4926 479 4989; x_wconf 93' lang='lat' dir='ltr'>A.</span> <span class='ocrx_word' id='word_1_352' title='bbox 509 4928 607 5007; x_wconf 87' lang='lat'>1498,</span> <span class='ocrx_word' id='word_1_353' title='bbox 631 4927 756 5008; x_wconf 90' lang='lat' dir='ltr'>Aprilis</span> <span class='ocrx_word' id='word_1_354' title='bbox 781 4943 831 5001; x_wconf 84' lang='lat'>20,</span> <span class='ocrx_word' id='word_1_355' title='bbox 856 4929 886 4990; x_wconf 94' lang='lat' dir='ltr'>in</span> <span class='ocrx_word' id='word_1_356' title='bbox 911 4927 1055 5009; x_wconf 92' lang='lat' dir='ltr'>capitulo</span> <span class='ocrx_word' id='word_1_357' title='bbox 1079 4929 1230 5010; x_wconf 87' lang='lat' dir='ltr'>generali.</span> 
     </span>
    </p>
   </div>
   <div class='ocr_carea' id='block_1_7' title="bbox 217 5065 1778 5692">
    <p class='ocr_par' dir='ltr' id='par_1_7' title="bbox 217 5065 1778 5692">
     <span class='ocr_line' id='line_1_39' title="bbox 326 5065 1772 5152; baseline -0.001 -18"><span class='ocrx_word' id='word_1_358' title='bbox 326 5065 413 5134; x_wconf 85' lang='grc'>887.</span> <span class='ocrx_word' id='word_1_359' title='bbox 437 5068 490 5152; x_wconf 86' lang='grc'>(15</span> <span class='ocrx_word' id='word_1_360' title='bbox 498 5070 553 5151; x_wconf 80' lang='grc'><strong>50).</strong></span> <span class='ocrx_word' id='word_1_361' title='bbox 577 5069 725 5132; x_wconf 85' lang='lat' dir='ltr'>Tandem</span> <span class='ocrx_word' id='word_1_362' title='bbox 750 5071 897 5151; x_wconf 90' lang='lat' dir='ltr'>sequenti</span> <span class='ocrx_word' id='word_1_363' title='bbox 920 5069 987 5144; x_wconf 88' lang='lat' dir='ltr'>die,</span> <span class='ocrx_word' id='word_1_364' title='bbox 1012 5091 1076 5151; x_wconf 90' lang='lat' dir='ltr'>que</span> <span class='ocrx_word' id='word_1_365' title='bbox 1099 5071 1157 5133; x_wconf 90' lang='lat' dir='ltr'>fuit</span> <span class='ocrx_word' id='word_1_366' title='bbox 1181 5071 1245 5136; x_wconf 87' lang='lat' dir='ltr'>XX</span> <span class='ocrx_word' id='word_1_367' title='bbox 1267 5071 1407 5152; x_wconf 90' lang='lat' dir='ltr'>Aprilis,</span> <span class='ocrx_word' id='word_1_368' title='bbox 1439 5070 1553 5132; x_wconf 87' lang='lat' dir='ltr'>iterum</span> <span class='ocrx_word' id='word_1_369' title='bbox 1578 5071 1693 5151; x_wconf 86' lang='lat' dir='ltr'>prefati</span> <span class='ocrx_word' id='word_1_370' title='bbox 1718 5071 1772 5132; x_wconf 93' lang='lat' dir='ltr'>dni</span> 
     </span>
     <span class='ocr_line' id='line_1_40' title="bbox 218 5176 1777 5260; baseline 0.003 -22"><span class='ocrx_word' id='word_1_371' title='bbox 218 5176 259 5238; x_wconf 87' lang='lat' dir='ltr'>ad</span> <span class='ocrx_word' id='word_1_372' title='bbox 282 5195 398 5242; x_wconf 91' lang='lat' dir='ltr'>sonum</span> <span class='ocrx_word' id='word_1_373' title='bbox 423 5197 581 5258; x_wconf 90' lang='lat' dir='ltr'>campane</span> <span class='ocrx_word' id='word_1_374' title='bbox 606 5176 732 5240; x_wconf 82' lang='lat' dir='ltr'>fuerunt</span> <span class='ocrx_word' id='word_1_375' title='bbox 756 5178 947 5260; x_wconf 83' lang='lat' dir='ltr'>congregati</span> <span class='ocrx_word' id='word_1_376' title='bbox 984 5197 1044 5258; x_wconf 91' lang='lat' dir='ltr'>pro</span> <span class='ocrx_word' id='word_1_377' title='bbox 1076 5179 1309 5258; x_wconf 89' lang='lat' dir='ltr'>prosecucione</span> <span class='ocrx_word' id='word_1_378' title='bbox 1340 5177 1484 5243; x_wconf 88' lang='lat' dir='ltr'>eiusdem</span> <span class='ocrx_word' id='word_1_379' title='bbox 1516 5177 1684 5242; x_wconf 90' lang='lat' dir='ltr'>electionis</span> <span class='ocrx_word' id='word_1_380' title='bbox 1719 5199 1777 5242; x_wconf 92' lang='lat' dir='ltr'>sue</span> 
     </span>
     <span class='ocr_line' id='line_1_41' title="bbox 219 5282 1778 5364; baseline 0.002 -17"><span class='ocrx_word' id='word_1_381' title='bbox 219 5293 252 5347; x_wconf 88' lang='lat' dir='ltr'>et</span> <span class='ocrx_word' id='word_1_382' title='bbox 275 5282 380 5364; x_wconf 89' lang='lat' dir='ltr'>ipsam</span> <span class='ocrx_word' id='word_1_383' title='bbox 404 5284 683 5351; x_wconf 90' lang='lat' dir='ltr'>continuaverunt.</span> <span class='ocrx_word' id='word_1_384' title='bbox 718 5284 762 5348; x_wconf 90' lang='lat' dir='ltr'>Et</span> <span class='ocrx_word' id='word_1_385' title='bbox 786 5283 905 5348; x_wconf 88' lang='lat' dir='ltr'>ibidem</span> <span class='ocrx_word' id='word_1_386' title='bbox 929 5305 1036 5354; x_wconf 88' lang='lat' dir='ltr'>vener.</span> <span class='ocrx_word' id='word_1_387' title='bbox 1061 5284 1143 5352; x_wconf 87' lang='lat' dir='ltr'>dnus</span> <span class='ocrx_word' id='word_1_388' title='bbox 1168 5284 1320 5353; x_wconf 86' lang='lat' dir='ltr'>Andreas</span> <span class='ocrx_word' id='word_1_389' title='bbox 1344 5283 1577 5348; x_wconf 88' lang='lat' dir='ltr'>Goluchowski</span> <span class='ocrx_word' id='word_1_390' title='bbox 1602 5287 1778 5350; x_wconf 87' lang='lat' dir='ltr'>canonicus</span> 
     </span>
     <span class='ocr_line' id='line_1_42' title="bbox 218 5390 1776 5476; baseline 0.005 -26"><span class='ocrx_word' id='word_1_391' title='bbox 218 5399 410 5469; x_wconf 90' lang='lat' dir='ltr'>procurator</span> <span class='ocrx_word' id='word_1_392' title='bbox 444 5390 575 5470; x_wconf 86' lang='lat' dir='ltr'>capituli</span> <span class='ocrx_word' id='word_1_393' title='bbox 604 5392 806 5472; x_wconf 84' lang='lat' dir='ltr'>reproductis</span> <span class='ocrx_word' id='word_1_394' title='bbox 837 5391 950 5454; x_wconf 89' lang='lat' dir='ltr'>litteris</span> <span class='ocrx_word' id='word_1_395' title='bbox 987 5391 1179 5455; x_wconf 89' lang='lat' dir='ltr'>citacionurn</span> <span class='ocrx_word' id='word_1_396' title='bbox 1215 5403 1328 5454; x_wconf 90' lang='lat' dir='ltr'>contra</span> <span class='ocrx_word' id='word_1_397' title='bbox 1364 5413 1479 5458; x_wconf 89' lang='lat' dir='ltr'>omnes</span> <span class='ocrx_word' id='word_1_398' title='bbox 1503 5401 1536 5456; x_wconf 91' lang='lat' dir='ltr'>et</span> <span class='ocrx_word' id='word_1_399' title='bbox 1559 5393 1704 5476; x_wconf 83' lang='lat' dir='ltr'>singulos</span> <span class='ocrx_word' id='word_1_400' title='bbox 1734 5395 1776 5458; x_wconf 92' lang='lat' dir='ltr'>ad</span> 
     </span>
     <span class='ocr_line' id='line_1_43' title="bbox 218 5496 1776 5579; baseline 0.005 -23"><span class='ocrx_word' id='word_1_401' title='bbox 218 5497 322 5576; x_wconf 89' lang='lat' dir='ltr'>ipsam</span> <span class='ocrx_word' id='word_1_402' title='bbox 347 5496 537 5559; x_wconf 87' lang='lat' dir='ltr'>electionem</span> <span class='ocrx_word' id='word_1_403' title='bbox 563 5517 619 5560; x_wconf 89' lang='lat' dir='ltr'>sua</span> <span class='ocrx_word' id='word_1_404' title='bbox 644 5499 799 5561; x_wconf 91' lang='lat' dir='ltr'>interesse</span> <span class='ocrx_word' id='word_1_405' title='bbox 814 5509 983 5579; x_wconf 85' lang='lat' dir='ltr'>putantes,</span> <span class='ocrx_word' id='word_1_406' title='bbox 1008 5499 1038 5560; x_wconf 94' lang='lat' dir='ltr'>in</span> <span class='ocrx_word' id='word_1_407' title='bbox 1056 5499 1134 5579; x_wconf 92' lang='lat' dir='ltr'>ipsis</span> <span class='ocrx_word' id='word_1_408' title='bbox 1151 5498 1263 5561; x_wconf 90' lang='lat' dir='ltr'>litteris</span> <span class='ocrx_word' id='word_1_409' title='bbox 1280 5500 1479 5574; x_wconf 90' lang='lat' dir='ltr'>nominatos,</span> <span class='ocrx_word' id='word_1_410' title='bbox 1505 5499 1614 5562; x_wconf 88' lang='lat' dir='ltr'>debite</span> <span class='ocrx_word' id='word_1_411' title='bbox 1630 5503 1776 5564; x_wconf 89' lang='lat' dir='ltr'>executis</span> 
     </span>
     <span class='ocr_line' id='line_1_44' title="bbox 217 5604 1775 5692; baseline 0.005 -29"><span class='ocrx_word' id='word_1_412' title='bbox 217 5604 381 5666; x_wconf 89' lang='lat' dir='ltr'>accusavit</span> <span class='ocrx_word' id='word_1_413' title='bbox 403 5605 641 5668; x_wconf 86' lang='lat' dir='ltr'>contumaciam</span> <span class='ocrx_word' id='word_1_414' title='bbox 666 5605 843 5669; x_wconf 90' lang='lat' dir='ltr'>eorundem</span> <span class='ocrx_word' id='word_1_415' title='bbox 867 5607 1039 5673; x_wconf 87' lang='lat' dir='ltr'>citatorum</span> <span class='ocrx_word' id='word_1_416' title='bbox 1062 5625 1128 5676; x_wconf 91' lang='lat' dir='ltr'>non</span> <span class='ocrx_word' id='word_1_417' title='bbox 1151 5609 1401 5692; x_wconf 84' lang='lat' dir='ltr'>conparencium</span> <span class='ocrx_word' id='word_1_418' title='bbox 1426 5616 1459 5672; x_wconf 91' lang='lat' dir='ltr'>et</span> <span class='ocrx_word' id='word_1_419' title='bbox 1483 5609 1514 5672; x_wconf 92' lang='lat' dir='ltr'>in</span> <span class='ocrx_word' id='word_1_420' title='bbox 1538 5609 1775 5674; x_wconf 79' lang='lat' dir='ltr'>contumaciam</span> 
     </span>
    </p>
   </div>
   <div class='ocr_carea' id='block_1_8' title="bbox 0 0 2212 6360">
    <p class='ocr_par' dir='ltr' id='par_1_8' title="bbox 0 0 2212 6360">
     <span class='ocr_line' id='line_1_45' title="bbox 0 0 2212 6360; baseline 0 0"><span class='ocrx_word' id='word_1_421' title='bbox 0 0 2212 6360; x_wconf 95' lang='lat' dir='ltr'> </span> 
     </span>
    </p>
   </div>
  </div>
 </body>
</html>
