4416 6366
403 625 445 686 90
912 605 1005 653 ACTA
1025 603 1188 653 CAPITULI
1209 601 1462 652 POZNnNtENsts

537 695 932 702 .-..-...-.--.--.-—-———--
972 697 1053 702 --.--
1089 697 1123 701 -—
1675 693 1847 700 -——-—-··

404 819 658 882 Wladislaviensi
675 818 716 879 R.
732 817 810 880 Mtis
827 817 1057 879 locumtenenti
1082 837 1142 898 pro
1161 836 1291 878 munere
1316 827 1390 878 sunt
1414 817 1569 897 empturi,
1593 817 1756 878 residuum
1781 815 1953 878 earundem

402 928 609 1006 pecuniarum
632 926 673 987 ad
698 927 839 1006 ipsorum
864 923 1028 986 arbitrium
1053 925 1247 986 conversuri.

613 1135 655 1198 A.
687 1137 777 1216 1456,
802 1135 992 1198 Decembris
1017 1137 1066 1206 28,
1092 1137 1123 1196 in
1148 1136 1298 1216 capitulo

507 1274 595 1342 453.
622 1277 670 1358 (ll.
702 1277 796 1356 185⁰).
821 1277 881 1338 Die
897 1277 1009 1339 Martis
1028 1277 1153 1338 XXVII
1171 1277 1211 1355 (s)
1228 1276 1459 1338 Decembris..
1476 1275 1579 1338 Rmus
1597 1287 1688 1357 pater
1704 1277 1787 1338 dnus
1805 1277 1954 1337 Andreas

401 1385 491 1466 lipus
514 1396 547 1446 et
571 1385 745 1464 capitulum
770 1383 909 1446 confessi
933 1397 1007 1446 sunt
1031 1403 1065 1446 se
1090 1386 1251 1470 recepisse
1283 1383 1314 1444 in
1345 1395 1490 1444 mutuum
1523 1384 1679 1444 ducentas
1711 1404 1836 1444 marcas
1866 1383 1951 1464 apud

401 1493 542 1553 nobilem
568 1491 698 1553 Miclasz
722 1491 908 1552 familiarem
933 1491 987 1551 dni
1012 1491 1081 1571 Epi,
1106 1511 1186 1570 quas
1207 1511 1241 1552 se
1259 1491 1421 1552 soluturos
1438 1491 1478 1550 ad
1497 1489 1612 1551 festum
1631 1490 1819 1552 Nativitatis
1836 1489 1952 1554 Christi

400 1619 494 1678 prox.
521 1598 714 1678 obligarunt,
738 1609 794 1660 aut
818 1599 896 1660 alias
919 1597 979 1660 sibi
1004 1599 1071 1659 dari
1095 1609 1265 1678 argentum
1291 1597 1427 1660 ecclesie
1451 1597 1480 1658 in
1507 1599 1643 1678 pignore
1667 1599 1896 1678 promiserunt.

613 1810 655 1871 A.
686 1811 783 1890 1456,
808 1809 998 1871 Decembris
1024 1826 1076 1886 29,
1104 1809 1134 1870 in
1159 1807 1311 1888 capitulo

507 1947 596 2016 454.
622 1951 668 2032 (ΙΙ.
699 1953 780 2030 186).
804 1951 865 2012 Die
889 1951 1078 2012 Mercurii..
1105 1951 1135 2011 in
1160 1953 1326 2031 presencia
1350 1951 1404 2011 dni
1429 1949 1561 2012 Andree
1585 1951 1647 2030 Epi
1668 1972 1775 2012 vener.
1795 1963 1903 2030 patres
1920 1962 1952 2013 et

401 2059 497 2122 dni..
526 2058 641 2139 prelati
665 2069 697 2121 et
721 2059 866 2119 canonici
889 2059 1024 2121 ecclesie
1048 2058 1319 2120 Poznaniensis..
1352 2058 1580 2120 concluserunt
1612 2059 1752 2120 dandum
1778 2059 1857 2120 duas
1881 2059 1952 2120 mal·

401 2166 509 2227 dratas
533 2186 636 2228 avene
660 2186 720 2246 pro
744 2165 868 2228 honore
892 2165 946 2227 dni
970 2165 1137 2245 Archiepi.

615 2375 658 2437 A.
688 2390 779 2455 1457,
804 2375 969 2437 Februarii
1000 2391 1044 2447 12,
1069 2375 1100 2436 in
1125 2373 1278 2454 capitulo

507 2513 594 2582 455.
620 2517 669 2598 (11.
698 2517 791 2598 186⁰).
817 2516 878 2579 Die
901 2515 1073 2578 Saturni..
1099 2537 1206 2578 vener.
1231 2515 1328 2577 dni..
1354 2515 1467 2596 prelati
1492 2525 1524 2577 et
1548 2517 1693 2578 canonici
1717 2517 1852 2580 ecclesie
1876 2517 1952 2579 Poz-

401 2625 598 2686 naniensis„
625 2625 866 2704 compacientes
891 2623 1028 2686 delectui
1053 2635 1085 2685 et
1110 2621 1284 2686 infirmitati
1308 2623 1412 2686 fratris
1437 2623 1484 2684 sui
1501 2624 1555 2684 dni
1572 2622 1723 2686 Iohannis
1740 2623 1949 2704 Pythowslry,

401 2751 498 2812 quern
521 2729 612 2794 Deus
635 2731 857 2792 oblivione
888 2741 928 2793 et
960 2729 1131 2792 delectu
1163 2731 1355 2792 racionis
1390 2729 1602 2812 plagavit,
1639 2731 1743 2792 eidem
1776 2732 1949 2793 discretum

400 2837 556 2900 Mathiam
581 2835 690 2918 Scrzip
714 2838 927 2918 presbiterum
952 2857 1010 2918 pro
1035 2838 1170 2900 custode
1194 2839 1420 2908 adiunxerunt,
1447 2837 1496 2898 cui
1521 2859 1580 2918 pro
1604 2837 1774 2920 diligencia
1798 2849 1830 2900 et
1847 2839 1950 2899 huius·

402 2947 490 3007 modi
524 2945 672 3008 custodia
702 2958 779 3008 octo
812 2965 945 3027 grossos
977 2947 1110 3026 singulis
1141 2946 1331 3025 septimanis
1360 2965 1417 3025 per
1446 2956 1690 3023 procuratorem
1722 2945 1853 3025 capituli
1884 2945 1949 3006 dari

400 3053 644 3114 mandaverunt.

613 3263 665 3360 A.
688 3277 778 3342 1457,
803 3263 968 3325 Februarii
995 3280 1045 3338 21,
1070 3265 1101 3326 in
1128 3263 1279 3345 capitulo.

506 3402 593 3470 456.
618 3405 665 3486 (11.
692 3407 774 3485 187).
799 3405 919 3466 Ibidem
943 3407 1154 3469 decreverunt
1178 3407 1317 3468 dandam
1343 3425 1438 3468 unam
1463 3425 1603 3468 marcam
1627 3403 1727 3468 Swob
1751 3407 1830 3468 inira
1854 3426 1947 3468 unam

401 3513 627 3594 septimanam,
653 3513 678 3574 si
703 3512 849 3593 proficiet
873 3515 903 3574 in
928 3514 1070 3576 curando
1087 3513 1186 3576 dnum
1204 3513 1380 3575 Iohannem
1396 3513 1595 3594 Pytlrowski,
1619 3514 1710 3576 salvo
1727 3513 1809 3594 pluri
1824 3515 1949 3576 salario.

613 3724 656 3788 A.
686 3739 777 3802 1457,
802 3725 909 3787 Martii
938 3741 983 3796 11,
1007 3727 1038 3786 in
1062 3725 1215 3804 capitulo

506 3861 595 3930 457.
631 3865 679 3944 (ll.
708 3866 806 3944 187⁰).
842 3866 903 3927 Die
935 3866 1114 3928 Veneris..
1146 3886 1254 3928 vener.
1279 3865 1376 3928 dni..
1408 3865 1523 3946 prelati
1548 3877 1581 3928 et
1604 3867 1792 3930 canonici..
1820 3887 1947 3947 compa-

399 3975 521 4034 cientes
546 3971 684 4034 defectui
707 3985 740 4036 et
764 3971 939 4034 infirmitati
963 3971 1068 4033 fratris
1092 3975 1140 4034 sui
1164 3973 1218 4033 dni
1242 3972 1394 4034 Iohannis
1418 3973 1607 4052 Pythovvslri
1632 3973 1866 4036 mandaverunt
1884 3975 1947 4034 dno

400 4079 550 4154 Chibski,
583 4091 616 4142 ut
648 4081 688 4142 de
717 4081 859 4160 pecuniis
883 4100 1059 4159 capparum
1090 4079 1194 4140 eidem
1222 4079 1278 4141 det
1301 4091 1367 4142 tres
1391 4100 1527 4151 marcas,
1560 4091 1592 4142 et
1625 4081 1654 4141 in
1686 4081 1945 4161 supplementum

399 4189 555 4250 dictarum
591 4189 685 4249 trium
721 4207 899 4249 marcarum
936 4187 1033 4248 debet
1068 4207 1190 4265 ponere
1224 4198 1290 4248 tres
1325 4207 1448 4248 marcas
1479 4187 1519 4247 de
1547 4188 1698 4250 censibus
1723 4209 1782 4268 pro
1808 4188 1891 4250 festo
1916 4189 1946 4251 b.

398 4295 528 4356 Martini
553 4295 721 4376 exigendis
746 4295 788 4355 ad
812 4313 988 4375 capparum
1011 4295 1174 4374 pecunias.

612 4507 654 4568 A.
684 4521 775 4586 1457,
799 4507 905 4568 Martii
930 4523 980 4584 24,
1006 4510 1037 4568 in
1061 4507 1214 4586 capitulo.

507 4646 595 4714 458.
623 4649 670 4728 (11.
700 4651 797 4728 187⁰).
822 4649 884 4710 Die
900 4649 983 4710 lovis
999 4699 1004 4710 .
1021 4698 1027 4710 .
1053 4668 1161 4710 vener.
1180 4657 1289 4728 patres
1306 4657 1338 4709 et
1355 4647 1408 4708 dni
1423 4697 1429 4708 .
1446 4697 1452 4709 .
1472 4647 1587 4727 prelati
1603 4658 1636 4710 et
1652 4649 1797 4709 canonici
1815 4649 1947 4710 ecclesie

399 4758 626 4820 Poznaniensis
640 4805 664 4817 ..
689 4757 878 4819 consulente
901 4776 958 4817 eos
982 4755 1069 4816 Rmo
1095 4766 1186 4834 patre
1210 4755 1276 4814 dno
1300 4752 1435 4815 Andrea
1458 4754 1532 4835 Epo
1548 4754 1645 4816 Pozn.
1664 4755 1791 4836 scriptis
1808 4775 1865 4817 sue
1881 4755 1945 4817 Ptis

397 4865 456 4926 sub
481 4866 572 4927 data:
598 4866 629 4926 in
656 4863 822 4926 Czanszim
846 4863 866 4925 1.
894 4863 955 4924 2111
978 4874 1055 4942 post
1079 4861 1175 4923 Dom.
1202 4859 1296 4923 Oculi
1312 4861 1375 4922 mei
1392 4881 1442 4924 an.
1461 4871 1523 4924 etc.
1542 4861 1641 4934 LVll,
1660 4899 1701 4907 —
1718 4883 1758 4924 an
1776 4863 1945 4943 collegium

396 4971 574 5033 Srzedense
606 4984 755 5033 teneatur
784 4970 825 5031 ad
856 4971 996 5050 aliquam
1028 4969 1397 5030 contribucionem
1429 4969 1558 5030 racione
1589 4969 1723 5031 ecclesie
1756 4969 1945 5049 parochialis

396 5079 603 5152 hlurzinowo,
627 5100 667 5140 an
692 5099 772 5155 non;
796 5080 986 5139 invenerunt
1011 5089 1043 5139 et
1067 5078 1319 5148 declaraverunt,
1345 5077 1433 5156 quod
1457 5097 1499 5138 ex
1523 5097 1589 5158 quo
1613 5078 1654 5138 de
1677 5078 1790 5140 eadem
1812 5077 1944 5139 ecclesia

396 5199 445 5248 est
469 5199 577 5248 erecta
601 5185 766 5264 prebenda
790 5185 878 5247 dicto
902 5185 1046 5266 collegio
1068 5185 1282 5264 incorporata,
1307 5184 1347 5245 de
1372 5205 1434 5264 qua
1459 5184 1679 5265 prebendatus
1711 5184 1808 5247 solvit
1831 5185 1945 5247 contri·

393 5295 564 5354 bucionem
592 5293 632 5355 de
656 5313 792 5373 corpore
809 5293 895 5355 dicte
915 5293 1089 5372 prebende,
1113 5293 1257 5354 similiter
1273 5301 1306 5353 et
1323 5293 1428 5374 ipsum
1444 5291 1617 5372 collegium
1633 5292 1762 5353 racione
1778 5290 1944 5364 fructuum,

393 5422 477 5482 quos
502 5401 637 5482 quilibet
660 5419 771 5462 eorum
796 5399 836 5461 de
861 5401 977 5462 eodem
1002 5400 1141 5481 collegio
1166 5400 1206 5461 de
1230 5399 1384 5462 fructibus
1409 5400 1494 5462 dicte
1525 5399 1662 5460 ecclesie
1691 5401 1722 5460 in
1746 5398 1942 5460 Murzinowo

393 5509 529 5589 percipit
554 5529 612 5589 pro
637 5518 728 5589 parte
752 5528 817 5583 sua,
842 5507 987 5570 similiter
1011 5509 1108 5570 solvit
1133 5508 1419 5579 contribucionem,
1451 5507 1491 5568 ad
1515 5507 1610 5568 aliam
1634 5505 1807 5586 specialem
1837 5524 1942 5587 quam·

392 5635 520 5698 cunque
544 5615 824 5680 contribucionem
850 5635 910 5678 nec
933 5615 1154 5698 prebendatus
1179 5635 1238 5678 nec
1263 5615 1383 5679 dictum
1408 5614 1581 5698 collegium
1606 5613 1802 5700 obligantur.
