4390 6368
808 583 990 634 ANNORUM
1011 582 1193 638 1514-1515.
1726 599 1786 665 205

237 673 701 682 ..η-υ--η--ῂ--μ-ῂῄ
718 677 735 680 -
759 676 933 684 w—u—*m
949 677 967 682 ..
989 677 1036 684 ...-
1053 677 1422 684 ....-.--.-.--.--——-—--
1436 677 1473 683 --—

225 796 314 857 creti.
339 833 379 840 —
404 795 521 858 Abbas
545 816 642 877 super
666 797 804 878 primum
828 807 861 858 et
886 797 1073 859 secundum.
1098 834 1138 843 -
1158 796 1273 860 Abbas
1298 818 1396 878 super
1419 797 1469 860 Ill
1495 807 1528 860 et
1552 797 1593 860 ll.
1612 834 1651 842 -
1671 796 1787 860 Abbas

227 921 325 983 super
360 903 506 983 primum.
530 939 573 947 —
600 901 716 965 Abbas
754 923 851 984 super
886 906 1027 966 tertium.
1053 941 1093 949 -·
1119 903 1250 966 Felinus
1283 925 1381 984 super
1406 903 1434 966 ΙΙ
1467 916 1499 966 et
1522 905 1563 966 V.
1589 941 1629 948 —-
1656 904 1788 966 Felinus

229 1030 327 1091 super
350 1009 373 1072 Ι.
400 1047 440 1054 -
465 1007 596 1090 Speculi
620 1011 761 1073 secunda
787 1031 872 1091 pars.
900 1047 939 1056 —-
966 1009 1068 1072 Prima
1101 1031 1176 1091 pars
1204 1010 1428 1092 Panthologie.
1455 1049 1494 1056 --
1521 1011 1722 1074 Allexander
1745 1011 1786 1073 de

227 1117 309 1179 Ales
336 1118 365 1178 in
391 1117 533 1198 quinque
557 1117 784 1179 voluminibus.
810 1153 852 1162 -
877 1116 1035 1179 Albertus
1074 1137 1173 1197 super
1199 1117 1338 1180 »Missus
1362 1129 1441 1180 est.‹
1473 1155 1512 1162 -
1538 1117 1723 1180 Decretum.
1749 1156 1788 1163 —

230 1223 392 1286 Calderini
416 1226 638 1305 repertorium.
662 1260 706 1269 -
730 1225 919 1286 Decretales
944 1225 1020 1285 bine
1044 1225 1076 1284 in
1102 1245 1202 1304 parvo
1231 1227 1404 1288 volumine.
1432 1263 1471 1270 -—
1498 1225 1601 1289 Casus
1626 1228 1787 1288 summarii

226 1331 389 1393 Bernardi.
406 1366 448 1377 -
465 1331 673 1394 Lumbartica
697 1330 852 1412 hystoria.
869 1368 912 1377 —
931 1332 1034 1393 Prima
1059 1331 1269 1411 epistolarum
1294 1333 1455 1395 leronimi.
1473 1371 1516 1378 —
1533 1333 1735 1414 Isodorusls).
1749 1369 1787 1376 -

227 1437 324 1500 Liber
347 1439 388 1500 de
412 1439 568 1520 sanguine
593 1437 720 1501 Christi.
745 1474 787 1484 -
812 1438 976 1502 Rubertus
1000 1459 1098 1520 super
1122 1441 1288 1518 sapientie.
1315 1443 1356 1485 -'
1384 1439 1584 1502 Decretales
1612 1475 1653 1484 —-
1671 1438 1789 1500 Decre-

229 1539 308 1608 tum.
335 1546 505 1608 —Prima
530 1567 605 1626 pars
628 1545 661 1608 S.
688 1546 881 1627 Theologie.
909 1583 949 1594 -
976 1545 1086 1610 Tertia
1110 1567 1186 1626 pars
1211 1545 1242 1608 S.
1268 1547 1438 1629 Teologie.
1468 1583 1503 1592 —
1530 1545 1788 1608 Catholicon.--

228 1653 452 1734 Breviloquus
478 1689 520 1697 —
548 1653 711 1715 Robertus
735 1654 775 1715 de
799 1655 936 1716 victoria
960 1654 1049 1716 verbi
1075 1653 1145 1716 Dei.
1173 1691 1212 1699 —
1238 1653 1388 1716 Secunda
1413 1675 1488 1741 pars
1505 1653 1728 1734 Pantbologie.
1747 1690 1789 1697 —

227 1759 402 1839 Speculum
428 1759 550 1822 morale
574 1759 745 1822 Vincentii.
769 1797 811 1804 —
837 1761 972 1822 Moralia
998 1761 1026 1825 b.
1052 1760 1208 1840 Gregorii.
1234 1799 1276 1808 -
1301 1762 1375 1823 Lira
1399 1783 1497 1840 super
1521 1762 1636 1823 librum
1661 1761 1788 1841 sapien-

227 1867 270 1928 tie
294 1877 327 1928 et
352 1864 541 1948 prophetas.
557 1903 597 1912 -
612 1865 714 1929 Glosa
727 1867 885 1930 ordinaria
898 1889 995 1948 super
1007 1879 1101 1930 vetus
1115 1879 1357 1931 testamentum.
1370 1905 1408 1914 -—
1420 1868 1565 1930 Tertium
1583 1879 1616 1930 et
1640 1877 1789 1948 quartum

227 1972 373 2054 hystorie
385 1972 556 2035 Vincenlii.
573 2009 616 2018 -
633 1973 773 2036 Primum
791 1986 824 2038 et
841 1975 1019 2036 secundum
1039 1975 1213 2037 Vincentii.
1229 2012 1268 2020 —
1284 1975 1358 2036 Lira
1369 1995 1468 2055 super
1482 1995 1603 2036 novum
1616 1985 1789 2036 testamen-

228 2091 305 2142 tum.
320 2117 361 2125 -
375 2080 449 2142 Lira
470 2101 566 2160 super
583 2081 675 2143 iudic.
697 2093 730 2143 et
743 2102 815 2162 pen.
833 2119 871 2126 -
886 2080 987 2143 Glosa
1004 2082 1165 2144 ordinaria
1182 2103 1280 2163 super
1296 2082 1410 2144 librum
1428 2084 1587 2162 sapientie
1603 2091 1636 2143 et
1652 2077 1788 2161 prophe-

228 2199 287 2250 tas.
302 2223 344 2231 -
358 2187 460 2249 Biblie
472 2197 593 2249 textus.
607 2223 650 2234 --
661 2186 811 2250 Secunda
825 2208 898 2269 pars
913 2187 947 2250 S.
962 2187 1152 2269 Theologie.
1164 2187 1389 2252 -Sermones
1403 2188 1443 2250 de
1456 2189 1559 2251 Turre
1572 2188 1732 2250 Cremata.
1746 2223 1789 2232 -—

230 2294 391 2358 Dionisius
415 2295 456 2356 de
480 2295 592 2356 celesti
616 2295 778 2357 ierarchia.
803 2333 842 2341 -
869 2295 973 2356 Prima
998 2316 1073 2375 pars
1089 2315 1215 2357 summe
1233 2297 1474 2375 predicantium.
1492 2333 1532 2342 —
1550 2295 1698 2358 Secunda
1715 2315 1789 2374 pars

229 2421 353 2463 summe
389 2402 634 2482 predicantium.
659 2439 699 2446 —-
725 2401 873 2483 Epistole
909 2402 994 2464 Petri
1031 2402 1206 2464 Blesensis.
1233 2439 1275 2447 —
1302 2389 1488 2464 Hostiensis
1523 2404 1633 2483 prima.
1663 2437 1700 2446 -
1726 2399 1790 2461 Ho-

229 2509 357 2570 stiensis
381 2509 532 2570 secunda.
557 2545 598 2553 -
623 2507 755 2570 Summa
780 2509 935 2588 angelica.
959 2545 1001 2552 —-
1026 2508 1216 2570 Decisiones
1245 2518 1324 2571 rote.
1359 2543 1386 2552 κ
1417 2509 1494 2572 Vite
1519 2507 1717 2590 pontificum.
1743 2543 1785 2552 -

229 2616 421 2678 Iovinianus.
446 2653 488 2660 —
513 2613 659 2697 Operum
682 2617 714 2677 b.
739 2615 916 2697 Augustini
940 2615 987 2678 XI
1011 2616 1182 2678 volumina.
1208 2653 1250 2664 -
1274 2615 1520 2698 Cosmogravia.
1543 2652 1584 2662 —
1605 2615 1653 2677 De
1677 2625 1785 2696 potes-

228 2733 296 2785 tate
319 2721 459 2784 Romani
483 2723 653 2803 pontificis
678 2759 721 2766 -
746 2722 844 2784 Liber
867 2724 1007 2802 scriptus
1031 2726 1062 2784 in
1089 2743 1291 2804 pargameno
1315 2744 1388 2786 cum
1413 2723 1627 2804 ymaginibus.
1652 2758 1695 2767 -
1712 2721 1786 2784 Cro·

230 2830 300 2890 nica
324 2829 465 2891 Euzebii.
488 2865 530 2874 -
555 2828 643 2891 Acta
667 2828 792 2891 concilii
817 2829 1086 2892 Constantiensis.
1113 2866 1154 2875 —
1179 2829 1356 2911 Speculum
1381 2833 1586 2910 questionum
1605 2831 1785 2910 peregrina·

230 2956 311 2998 rum.
336 2971 378 2982 -
403 2933 512 3016 Opera
546 2934 591 2997 Pii
626 2957 719 3017 pape.
753 2972 794 2980 -
828 2936 1044 2999 Dictionarius
1078 2938 1162 2999 iuris.
1200 2973 1241 2983 --
1276 2937 1466 2998 Formulare
1502 2938 1720 3000 terminorum.
1744 2972 1788 2980 -

149 3078 152 3086 .
230 3043 361 3105 Anama
393 3063 491 3124 super
514 3042 555 3105 V.
580 3079 623 3090 -
646 3043 830 3106 Decretum.
856 3080 898 3088 -
923 3043 1128 3124 Augustinus
1163 3064 1261 3124 super
1284 3044 1472 3106 Iohannem.
1498 3079 1541 3088 —
1565 3042 1700 3112 Sextus,
1728 3042 1788 3104 De·

230 3161 363 3212 cretum.
380 3187 423 3196 —-
439 3150 617 3212 Ieronimus
634 3170 731 3231 super
756 3153 944 3232 prophetas.
963 3187 1005 3196 —
1024 3150 1207 3212 Bernardus
1232 3149 1461 3213 Cordubensis.
1478 3187 1520 3195 —-
1536 3149 1732 3213 Ptolomeus.
1745 3185 1788 3193 —

230 3257 420 3319 Dominicus
444 3277 541 3338 super
564 3255 712 3320 Sextum.
739 3291 782 3304 -
806 3257 972 3319 Hermolai
997 3257 1088 3319 liber.
1114 3294 1156 3303 -
1180 3256 1310 3320 Statuta
1342 3257 1448 3338 Regni
1480 3257 1622 3318 Polonie.
1650 3292 1689 3300 —
1716 3254 1789 3316 Pro-

231 3384 341 3426 cessus
365 3365 449 3426 iuris.
479 3401 517 3409 -
541 3362 779 3446 Compendium
805 3365 889 3426 iuris.
915 3401 957 3409 -
983 3364 1009 3426 F
1013 3364 1115 3426 elinus
1139 3385 1236 3444 super
1260 3363 1342 3425 1.-
1360 3363 1557 3426 Decretales
1577 3399 1617 3408 -
1635 3361 1785 3424 Secunda

230 3491 305 3553 pars
329 3472 496 3551 repertorii
520 3470 731 3533 Brikczensis.
757 3508 799 3516 -
824 3471 950 3533 Textus
975 3471 1187 3551 epistolarum
1212 3483 1245 3533 et
1269 3471 1440 3552 Evangelii
1465 3473 1614 3550 scriptus.
1640 3506 1684 3516 -
1708 3468 1786 3550 Spe·

230 3579 292 3640 culi
317 3577 363 3639 IV
388 3587 507 3657 partes
531 3615 571 3624 -
597 3577 725 3640 Textus
760 3580 1000 3640 sententiarum.
1030 3613 1070 3622 -
1096 3577 1219 3641 Illarius
1254 3579 1296 3640 ab
1324 3579 1413 3640 Urbe
1437 3579 1579 3640 condita.
1605 3614 1647 3622 —
1671 3575 1788 3637 Tereia

231 3706 305 3767 pars
330 3685 442 3746 Felini.
467 3719 508 3730 -
533 3685 637 3748 Prima
673 3687 840 3765 repertorii
877 3685 1087 3747 BrikczensiS.
1114 3721 1155 3730 -
1181 3683 1230 3746 De
1254 3687 1447 3746 auctoritate
1483 3685 1600 3745 summi
1625 3681 1788 3763 pontificis

229 3803 262 3854 et
286 3791 504 3853 cardinalium.
531 3829 571 3838 —-
596 3791 745 3854 Secunda
769 3813 843 3874 pars
868 3792 1079 3872 epistolarum
1103 3793 1261 3855 leronimi
1289 3829 1329 3837 -
1355 3790 1505 3854 Canoues
1529 3790 1716 3870 Augustini.
1744 3825 1783 3832 -—

230 3899 428 3962 Rudimenta
445 3900 589 3963 Ebraica.
608 3937 648 3946 -
666 3898 905 3980 Quinquagena
928 3899 1113 3980 Augustini.
1134 3935 1171 3945 -
1192 3898 1368 3980 Gregorius
1393 3919 1488 3978 super
1512 3897 1726 3960 Ezechielem.
1745 3935 1786 3941 —

231 4004 341 4087 Opera
377 4006 552 4087 Augustini
577 4009 711 4069 minora.
736 4043 779 4050 -
803 4007 959 4068 Rocacius
983 4007 1023 4068 de
1048 4009 1176 4068 casibus
1210 4007 1388 4068 illustrium.
1414 4043 1454 4050 -
1479 4005 1662 4068 Bernurdus
1686 4025 1784 4085 super

230 4115 364 4176 cantica.
388 4149 431 4160 —-
455 4113 613 4176 Albertus
637 4115 677 4176 de
702 4113 809 4176 officio
835 4114 939 4175 misse.
967 4151 1007 4158 —
1032 4114 1159 4176 Textus
1185 4113 1394 4176 Clementine.
1421 4149 1461 4158 —-
1486 4113 1634 4194 Epistole
1660 4111 1787 4192 Augus·

230 4221 313 4282 stini.
339 4257 381 4265 -
405 4221 557 4283 Valensis
581 4221 621 4282 de
646 4221 758 4283 ordine
784 4223 953 4283 minorum.
979 4257 1021 4265 -—
1046 4221 1192 4281 Thomas
1226 4241 1324 4301 super
1348 4220 1535 4300 Evangelia.
1560 4257 1602 4264 *—
1627 4219 1789 4299 Reperto·

227 4328 309 4388 rium
335 4327 487 4390 Abbatis.
511 4365 553 4373 —-
578 4329 795 4391 Innocentius
823 4365 861 4372 -
888 4327 1048 4388 Iohannes
1086 4327 1229 4388 Andree.
1267 4365 1303 4372 -
1328 4327 1515 4407 Prepositus
1551 4347 1648 4407 super
1673 4327 1788 4388 Decre-

229 4445 308 4497 tum.
335 4473 375 4480 -
400 4433 502 4496 lmola
526 4456 623 4518 super
646 4435 865 4498 Clementinis.
891 4473 931 4479 —
957 4434 1148 4496 Alexander
1179 4455 1276 4513 super
1307 4445 1467 4514 quartum.
1495 4472 1533 4478 e«
1559 4433 1787 4514 Repertorium

228 4543 312 4604 iuris.
340 4579 379 4588 -
405 4541 515 4623 Opera
548 4543 578 4605 b.
603 4543 779 4605 Ambrosii.
806 4581 845 4587 —
871 4542 969 4604 Liber
994 4543 1034 4604 de
1059 4542 1194 4604 diversis
1230 4543 1430 4605 tractatibus.
1457 4580 1496 4586 -—
1523 4541 1600 4603 Vita
1624 4540 1728 4604 Cristi.
1747 4577 1785 4584 -

230 4650 381 4730 Epistole
404 4651 563 4712 leronimi.
591 4688 630 4695 --
656 4650 755 4732 Hugo
779 4651 819 4712 de
843 4650 1062 4712 sacramentis.
1109 4647 1276 4712 Summa
1300 4647 1427 4712 CXXV
1452 4649 1497 4729 l).

444 4809 486 4870 A.
517 4823 615 4889 1515,
641 4807 709 4870 Iulii
732 4827 766 4886 9,
791 4809 821 4869 in
845 4807 987 4888 capitulo
1012 4809 1162 4888 generali.

341 4947 453 5015 1055.
477 4950 576 5030 (VIll.
602 4950 654 5031 3⁰).
678 4951 728 5011 De
753 4951 886 5012 cervisia
911 4951 1123 5031 propinanda.
1150 4988 1189 4994 —-
1216 4950 1339 5011 Ibidem
1364 4949 1458 5011 dni..
1485 4949 1698 5011 decreverunt
1722 4969 1788 5010 cer·-

229 5059 342 5122 visiam
367 5059 449 5121 intra
475 5078 582 5119 muros
607 5070 640 5120 et
664 5069 740 5137 post
757 5069 917 5130 montem,
943 5060 1125 5139 quicunque
1143 5059 1310 5128 voluerint,
1329 5057 1584 5138 propinandam,
1609 5055 1787 5118 dummodo

228 5166 416 5228 scandalum
441 5168 472 5228 in
496 5166 596 5227 domo
621 5167 822 5247 propinantis
847 5187 912 5226 non
936 5165 1138 5242 admittatur;
1163 5176 1194 5227 et
1219 5175 1395 5246 postquam
1421 5165 1503 5226 dnus
1526 5163 1642 5225 Paulus
1668 5163 1788 5244 presbi-

228 5285 279 5336 ter
303 5285 378 5354 post
415 5284 560 5336 montem
584 5275 615 5334 in
640 5275 709 5352 ipsa
734 5273 961 5354 propinatione
997 5282 1143 5352 repertus
1179 5283 1228 5333 est
1264 5272 1483 5343 scandalosus‚
1516 5271 1786 5351 apropinatione

230 5379 468 5461 prohibendum
492 5380 733 5443 mandaverunt.

344 5483 455 5551 1056.
480 5487 587 5568 (ibid).
612 5487 663 5548 De
686 5487 818 5550 canibus
842 5487 1057 5550 mordacibus.
1086 5525 1123 5530 —-
1150 5486 1272 5548 Ibidem
1296 5487 1410 5567 prefati
1435 5487 1490 5549 dni
1507 5486 1727 5553 decreverunt,
1753 5493 1788 5545 ut

232 5614 364 5667 omneS,
400 5596 582 5678 quicunque
606 5595 685 5668 sint,
723 5596 790 5658 sive
814 5615 856 5660 ex
880 5594 952 5659 dnis
976 5606 1031 5657 aut
1056 5595 1243 5676 presbiteris
1267 5595 1335 5657 sive
1356 5592 1452 5671 laicis,
1477 5595 1509 5654 in
1533 5594 1627 5656 curiis
1651 5591 1787 5654 dnorum
