4416 6366
908 593 997 643 ANNI
1017 589 1092 646 1479.
1719 613 1777 678 127

224 807 325 869 maior
348 806 525 888 propheta,
555 806 675 879 audito,
704 805 791 888 quod
816 807 919 868 aliena
951 807 1179 887 diriperentur:
1213 817 1320 870 estote
1343 844 1387 852 —
1411 809 1513 890 inquit
1536 809 1577 871 ad
1601 810 1720 872 milites
1738 847 1778 854 —

222 915 338 977 vestris
355 916 500 977 contenti
516 915 697 995 stipendiis;
715 950 758 959 -
776 913 933 994 eligamus
950 933 1048 976 unum
1066 915 1174 994 itaque
1191 933 1233 976 ex
1254 914 1364 987 nobis,
1393 917 1456 996 qui,
1480 937 1521 977 ne
1537 917 1713 996 spiritualia
1729 936 1779 978 ne·

223 1021 387 1104 gligantur
411 1031 443 1085 et
468 1020 660 1101 temporalia
685 1021 880 1103 diripiantur,
905 1020 1090 1101 provideat,
1115 1022 1175 1082 sub
1193 1041 1327 1084 onerum
1343 1021 1525 1085 huiusmodi
1541 1023 1626 1086 suste
1642 1025 1696 1106 qui
1713 1043 1778 1085 non

222 1129 427 1199 succumbat,
451 1129 819 1209 administratoremque,
844 1137 880 1190 ut
903 1128 1002 1190 moris
1026 1139 1089 1199 est,
1114 1148 1278 1191 vocemus.
1305 1165 1345 1174 -
1371 1129 1441 1192 Hec
1465 1140 1498 1192 et
1521 1129 1582 1192 hiis
1606 1130 1698 1212 plura
1722 1151 1778 1193 sua

222 1236 280 1300 Pte
304 1245 524 1318 prosequente
548 1235 685 1298 necdum
711 1237 895 1298 oracionem
920 1234 1050 1298 finiente
1066 1245 1241 1317 assurgunt
1258 1256 1388 1310 omnes,
1413 1239 1516 1319 surgit
1533 1248 1566 1302 et
1581 1237 1651 1310 ille,
1675 1249 1778 1311 orant,

223 1344 412 1416 obsecrant,
442 1344 656 1418 obtestantur,
688 1354 723 1405 ut
746 1341 829 1405 hanc
862 1343 1062 1423 provinciam
1094 1342 1271 1424 regendam
1303 1344 1467 1425 suscipiat.
1515 1344 1677 1408 Renititur
1700 1347 1779 1427 ipse,

226 1451 408 1523 reluctatur,
433 1469 515 1512 onus
536 1449 711 1521 detractat,
737 1449 833 1510 aliurn
858 1449 1058 1530 querendum
1082 1450 1206 1512 suadet.
1229 1449 1273 1512 Et
1290 1450 1422 1513 tandem
1445 1471 1551 1514 vener.
1570 1452 1652 1514 dnus
1669 1451 1779 1514 Adam

224 1557 264 1619 de
288 1557 486 1620 Dambrowa
512 1558 654 1621 decanus
688 1557 828 1620 Poznan.
864 1577 946 1618 unus
974 1558 1117 1618 omnium
1142 1559 1287 1619 nomine:
1329 1556 1402 1631 Cur,
1436 1557 1555 1639 inquit,
1592 1570 1684 1639 pater
1707 1559 1781 1620 Rde

224 1663 359 1728 ecclesie
383 1664 549 1744 desolate,
571 1663 700 1738 orsane,
725 1665 819 1726 vidue
843 1685 953 1727 curam
978 1664 1070 1726 reicis
1094 1663 1229 1746 gerere?
1264 1662 1361 1744 Quis,
1394 1683 1462 1738 or0,
1487 1666 1527 1726 ad
1552 1687 1607 1728 eas
1631 1686 1682 1729 res
1706 1687 1780 1728 con·

223 1770 374 1833 ficiendas
397 1781 431 1834 te
455 1771 590 1852 dignior,
615 1773 687 1852 quis
711 1771 947 1852 providencior,
973 1771 1043 1852 quis
1068 1771 1238 1851 potencior
1262 1779 1372 1850 preter
1386 1771 1505 1834 familie
1521 1782 1576 1834 tue
1592 1773 1779 1846 claritatem,

223 1898 320 1960 quam
345 1898 460 1941 omnes
483 1877 655 1941 novimus?
691 1877 784 1959 Aput
809 1889 955 1941 nostrum
979 1878 1156 1940 maximum
1188 1877 1367 1959 principem
1398 1878 1465 1941 alto
1490 1888 1557 1941 stas
1580 1879 1698 1961 gradu,
1727 1901 1782 1943 ere

223 1995 360 2066 paterno
385 1985 619 2067 amplissimuS,
645 1987 834 2048 necessariis
851 1985 1096 2065 potentissimus
1112 2005 1163 2061 es;
1187 1985 1236 2046 cui
1254 2003 1334 2064 ergo
1352 1995 1458 2065 preter
1475 1996 1507 2049 te
1523 1989 1777 2050 summittemus:

223 2093 294 2172 quis
318 2103 351 2155 te
375 2104 484 2174 preter
507 2114 575 2156 rem
599 2093 738 2155 divinam
763 2091 928 2154 ordinabit
952 2092 1109 2172 pulcrius3
1141 2092 1213 2173 quis
1237 2091 1347 2154 dotem
1371 2093 1467 2154 vidue
1489 2103 1601 2156 nostre
1624 2094 1781 2157 tutabitur

223 2199 351 2263 vitalius
374 2201 611 2283 potenciusque
635 2199 810 2263 defendet?
831 2236 873 2245 -
897 2199 948 2260 Tu
973 2199 1071 2262 solus.
1119 2199 1169 2260 Ne
1194 2219 1273 2280 ergo
1298 2198 1488 2281 dignitatem
1513 2219 1665 2280 spernaS,
1699 2221 1781 2264 onus

223 2305 379 2389 relugiaS,
415 2327 585 2387 precamur
593 2327 600 2386 ;
632 2307 927 2370 administratorem
962 2316 995 2368 te
1026 2325 1190 2378 creamus,
1222 2305 1434 2388 eligimusque
1465 2317 1498 2369 et
1525 2307 1780 2371 iurisdiccionem

224 2414 255 2475 in
280 2414 472 2495 capitulum,
498 2415 586 2496 quod
611 2435 670 2476 nos
695 2423 974 2494 representamus,
1000 2433 1058 2494 per
1081 2422 1218 2474 mortem
1244 2413 1316 2475 dive
1340 2415 1495 2476 memorie
1519 2415 1663 2496 episcopi
1679 2415 1781 2477 nostri

223 2529 256 2582 et
279 2522 421 2601 pastoris
444 2523 475 2583 in
499 2541 561 2584 nos
585 2521 766 2592 defluxam,
791 2521 848 2582 tibi
873 2520 1037 2582 offerimus
1073 2529 1106 2582 et
1129 2519 1382 2584 transfundimus
1413 2523 1444 2582 in
1468 2531 1555 2583 tuam
1581 2522 1783 2603 dignitatem.

225 2625 440 2690 Conclamant
464 2648 579 2691 omnes
602 2648 669 2690 non
693 2628 785 2690 aliter
809 2627 874 2690 fieri
900 2647 1016 2707 posse,
1042 2647 1101 2689 nec
1125 2627 1207 2689 ultra
1220 2675 1376 2690 ........
1403 2648 1546 2708 querere,
1592 2628 1782 2691 Assentitur

228 2734 359 2797 tandem
383 2735 528 2816 prelatus
552 2745 644 2816 pater
668 2735 751 2797 dnus
775 2734 864 2797 Uriel
889 2753 1000 2796 eorum
1026 2735 1111 2796 votis
1136 2744 1168 2796 et
1192 2754 1251 2813 per
1274 2753 1389 2796 omnes
1411 2735 1654 2798 administrator
1683 2735 1782 2798 accla-

225 2851 341 2904 matur.
387 2841 506 2905 Testes
530 2843 746 2904 advocantur:
772 2840 886 2903 honor.
912 2841 966 2902 dni
991 2839 1170 2903 leronimus
1194 2841 1235 2902 de
1258 2841 1539 2914 luniwladislavia,
1565 2841 1717 2904 Andreas
1741 2841 1782 2905 de

224 2947 455 3029 Queczischew
480 2950 616 3012 ecclesie
643 2947 767 3030 prefate
799 2947 939 3010 Poznan.
977 2948 1125 3028 perpetui
1156 2949 1278 3022 vicarii,
1311 2945 1491 3010 Stanislaus
1515 2947 1555 3010 de
1579 2947 1782 3011 Schamotuli

224 3057 382 3136 plebanus
407 3057 438 3118 in
461 3056 602 3118 laroczin
628 3065 662 3118 et
682 3054 844 3118 Iohannes
859 3055 899 3117 de
915 3054 1112 3134 Wrzessnya
1127 3054 1271 3117 altarista
1287 3054 1329 3117 ad
1346 3052 1378 3116 S.
1396 3054 1530 3116 Mariam
1550 3054 1781 3137 Magdalenam

226 3163 258 3224 in
282 3162 453 3226 Poznania.

332 3301 418 3370 668.
455 3306 522 3388 (IV.
547 3307 625 3386 28⁰).
662 3305 854 3368 Decernitur
882 3303 950 3366 dies
981 3304 1148 3366 electionis
1180 3313 1212 3366 et
1236 3304 1359 3366 citacio.
1386 3339 1427 3351 -·
1452 3304 1532 3366 Mox
1556 3304 1596 3367 de
1619 3304 1779 3368 electione

224 3411 319 3475 futuri
343 3413 504 3494 pontilicis
528 3413 715 3484 consulitur,
750 3422 785 3474 ut
817 3432 857 3474 eo
880 3410 1015 3474 celerius
1047 3409 1117 3480 liat,
1152 3410 1372 3501 persuadetur,
1407 3410 1476 3473 dies
1509 3412 1678 3474 electionis
1713 3414 1781 3475 sive

223 3521 432 3582 comiciorum
465 3541 525 3600 pro
557 3521 719 3581 dominica
750 3519 885 3591 Letare,
921 3539 984 3600 que
1012 3519 1071 3579 erit
1094 3516 1172 3580 ΧΧΙ
1197 3537 1239 3578 m.
1264 3517 1389 3590 Martii,
1421 3518 1575 3590 indicitur,
1609 3527 1642 3580 et
1666 3520 1782 3606 citacio

225 3647 324 3708 super
347 3627 490 3708 prelatos
515 3637 549 3688 et
572 3628 748 3689 canonicos
771 3625 915 3707 prefatos
939 3645 999 3707 pro
1015 3625 1173 3687 electione
1189 3624 1380 3696 decernitur,
1406 3623 1544 3686 testibus
1560 3625 1777 3706 presentibus,

225 3734 280 3815 qui
304 3753 401 3814 supra
425 3733 575 3814 proxime
599 3744 674 3796 sunt
698 3733 810 3797 notati.

335 3871 423 3941 669.
449 3875 518 3956 (IV.
545 3877 610 3956 29).
634 3875 757 3938 Ibidem
775 3873 1013 3956 deputaverunt
1029 3873 1070 3936 ad
1087 3873 1127 3936 R.
1145 3873 1247 3936 Mtem
1273 3873 1304 3934 in
1320 3872 1550 3954 Pyotrlrow
1573 3893 1682 3938 vener.
1699 3873 1782 3936 dnos

224 3981 334 4044 Adam
359 3983 517 4045 decanum
541 3981 681 4044 Poznan.
715 3991 748 4044 et
777 3979 951 4043 Albertum
988 3980 1028 4042 de
1064 3977 1137 4060 Gay
1161 3979 1330 4041 custodem
1364 3977 1487 4042 Gnezn.
1523 3989 1556 4042 et
1588 3982 1779 4044 canonicum

224 4088 361 4152 Poznan.
386 4090 426 4152 ad
451 4089 695 4172 significandum
720 4088 856 4169 principi
881 4096 1020 4149 mortem
1044 4086 1108 4168 Epi
1131 4095 1164 4149 et
1188 4087 1381 4166 petendum,
1406 4096 1441 4148 ut
1465 4087 1640 4168 capitulum
1665 4087 1696 4149 in
1714 4089 1782 4150 iuri-

224 4195 286 4258 bus
309 4197 375 4259 suis
399 4197 482 4258 circa
506 4195 765 4276 electionemque
789 4207 983 4257 conservare
1008 4194 1204 4275 dignaretur,
1230 4193 1346 4274 quibus
1370 4213 1431 4274 pro
1452 4194 1607 4274 expensis
1621 4194 1686 4257 XX
1703 4211 1781 4256 mar·

224 4325 280 4367 cas
304 4305 434 4367 cuilibet
458 4307 602 4385 ipsorum
627 4304 890 4385 assignaverunt,
914 4323 994 4382 quas
1011 4301 1094 4362 dnus
1112 4301 1368 4362 Administrator
1384 4300 1461 4381 ipsis
1478 4299 1566 4362 dedit
1583 4302 1782 4384 calicemque

158 4475 162 4482 ,
224 4431 357 4474 aureum
392 4412 466 4473 loco
498 4412 645 4492 pignoris
678 4410 817 4490 accepit,
853 4409 1022 4490 dictasque
1058 4407 1119 4469 XL
1152 4420 1277 4468 marcas
1301 4406 1425 4468 iuturus
1449 4407 1540 4488 Epus
1564 4409 1690 4470 solvere
1714 4408 1780 4471 dno

225 4517 491 4581 Administratori
516 4517 679 4580 tenebitur
702 4525 735 4579 et
759 4515 892 4578 calicem
916 4535 1048 4578 aureum
1074 4513 1231 4576 redimere
1255 4523 1288 4574 et
1312 4513 1448 4575 ecclesie
1472 4515 1651 4577 restituere.

333 4655 421 4724 670.
448 4659 513 4741 (lV.
540 4659 602 4738 29).
626 4658 707 4721 Item
732 4678 830 4738 super
853 4656 991 4719 eundem
1018 4655 1150 4718 calicem
1167 4654 1310 4736 prefatus
1326 4654 1410 4717 dnus
1426 4653 1682 4718 Administrator
1696 4676 1781 4718 com·

225 4770 383 4848 prestavit
406 4775 537 4830 centum
561 4766 701 4828 ilorenos
723 4764 867 4846 Hungar.
884 4784 943 4844 per
962 4763 1167 4844 supradictos
1184 4762 1267 4824 dnos
1285 4761 1461 4842 deputatos
1477 4761 1537 4823 Mti
1554 4762 1593 4825 R.
1609 4763 1780 4826 donandos

225 4895 284 4956 per
307 4873 446 4936 futurum
471 4873 616 4935 similiter
639 4871 825 4954 pontificem
850 4870 1042 4941 solvendoS,
1067 4883 1128 4951 pro
1153 4869 1272 4951 quibus
1296 4878 1426 4930 centum
1452 4867 1520 4931 flor.
1538 4877 1571 4930 et
1587 4869 1648 4931 XL
1665 4871 1780 4932 marcis

223 5001 338 5043 omnes
362 4981 418 5042 dni
441 4981 651 5062 suprascripti
674 4979 867 5040 unanimiter
893 4975 960 5039 dno
988 4975 1253 5038 Administratori
1279 4985 1447 5052 caverunt;
1479 4976 1685 5056 presentibus
1718 4986 1779 5040 etc.

439 5225 484 5290 A.
514 5241 613 5308 1479,
639 5225 746 5289 Martii
770 5243 806 5302 2,
831 5225 863 5287 in
887 5223 1041 5307 capitulo.

333 5381 422 5452 671.
446 5387 516 5469 (IV.
542 5387 617 5470 30⁰).
640 5387 763 5450 Ibidem
787 5387 842 5449 dni
858 5385 941 5448 dnos
958 5383 1112 5446 Iacobum
1129 5382 1334 5448 scolasticum
1351 5393 1385 5446 et
1400 5382 1578 5446 Iohannem
1594 5379 1779 5464 Gylowsky

224 5494 416 5556 canonicum
439 5493 482 5556 ad
506 5493 606 5557 dnum
629 5494 807 5575 palatinum
831 5493 972 5556 Poznan.
995 5493 1026 5553 in
1050 5501 1193 5554 castrum
1216 5492 1247 5553 in
1271 5489 1358 5552 sacto
1382 5507 1472 5564 cere,
1505 5491 1569 5554 vini
1594 5501 1627 5553 et
1649 5491 1778 5572 argenti

225 5621 354 5664 necnon
378 5611 411 5663 et
434 5601 595 5665 fertonum
619 5600 868 5684 deputaverunt.
