4416 6366
423 585 484 632 100
903 569 996 620 ACTA
1016 569 1178 622 CAPITULl
1197 569 1451 622 POZNANIENsts

416 813 541 884 partem
566 803 718 865 maiorem
744 803 899 885 eligendis
923 814 956 868 et
979 805 1200 888 adiungendis,
1225 806 1286 888 ipsi
1310 805 1561 870 administratori
1586 807 1668 870 sein
1686 827 1814 870 cocum
1832 809 1969 872 testibus

415 911 658 986 subscribendo
684 923 716 976 ct
740 915 785 975 sic
810 912 864 976 fiat
888 913 928 976 de
951 914 1085 996 singulis
1109 915 1177 978 aliis
1202 915 1332 978 tenutis.

523 1049 603 1110 ltem
643 1049 731 1130 quod
767 1049 901 1130 quilibet
940 1051 1117 1112 tenutarius
1156 1059 1286 1130 recepta
1325 1051 1369 1110 sic
1410 1069 1467 1129 per
1505 1069 1577 1112 eum
1617 1050 1825 1130 possessione
1856 1060 1968 1113 tenute

416 1175 472 1217 sue
496 1155 535 1217 dc
560 1158 752 1219 auctoritate
775 1156 1043 1220 administratoris
1068 1177 1132 1218 non
1156 1167 1269 1238 tangat
1297 1177 1413 1218 census
1446 1156 1486 1218 dc
1517 1157 1654 1238 oppidis
1688 1157 1770 1220 villis
1793 1169 1849 1221 aut
1873 1159 1967 1221 bonis

415 1263 484 1326 aliis
517 1273 629 1327 tenute
662 1285 718 1326 sue
751 1265 1024 1345 provenientibus,
1059 1265 1116 1326 sed
1140 1266 1246 1327 tradat
1270 1285 1327 1327 eos
1350 1263 1381 1325 in
1406 1284 1519 1326 manus
1544 1264 1813 1328 administratoris
1841 1277 1874 1328 et
1899 1287 1968 1347 pre-

416 1370 574 1432 dictorum
600 1373 694 1434 trium
719 1373 758 1434 de
783 1373 934 1452 capitul0,
959 1373 985 1434 si
1010 1372 1074 1434 tale
1099 1381 1228 1452 tempus
1251 1372 1426 1444 advenerit,
1454 1373 1484 1433 in
1509 1393 1575 1454 quo
1598 1393 1715 1434 census
1739 1384 1815 1437 sunt
1838 1373 1878 1436 de
1901 1375 1967 1437 iure

416 1479 581 1558 exigendi,
616 1489 763 1560 tempore
799 1500 885 1552 ver0,
921 1482 951 1542 in
983 1501 1048 1561 quo
1073 1500 1188 1542 census
1220 1480 1305 1560 exigi
1331 1499 1397 1540 non
1422 1489 1495 1541 sunt
1520 1479 1614 1556 soliti,
1650 1490 1729 1560 puta
1753 1489 1829 1542 ante
1852 1480 1968 1542 festum

415 1606 440 1647 s.
468 1587 604 1658 Martini,
631 1588 813 1650 nullatenus
829 1589 978 1668 exigatur
994 1587 1054 1650 sub
1072 1589 1163 1667 penis
1180 1587 1387 1666 infrascriptis
1394 1607 1401 1664 ;
1428 1585 1544 1666 quibus
1560 1587 1710 1650 censibus
1729 1587 1964 1668 expediendum

416 1694 475 1756 erit
500 1694 618 1756 factum
643 1695 809 1758 electionis
833 1695 882 1758 vel
909 1695 1141 1776 postulacionis
1165 1695 1195 1756 in
1220 1695 1305 1756 curia
1337 1695 1494 1762 Romana,
1527 1696 1676 1775 quatinus
1707 1715 1840 1757 necesse
1864 1695 1965 1768 fuerit,

415 1801 466 1863 vel
490 1801 530 1862 de
554 1803 621 1864 aliis
645 1803 800 1866 fructibus
824 1823 935 1865 mense
960 1802 1162 1882 episcopalis,
1195 1802 1292 1864 salvis
1316 1811 1424 1864 tamen
1449 1802 1517 1872 hiis,
1541 1803 1658 1882 quein
1683 1813 1881 1865 testamento
1905 1802 1965 1882 Epi

416 1907 557 1971 defuncti
581 1909 695 1972 fuerint
727 1911 896 1990 descripta,
931 1911 984 1990 qui
1017 1910 1057 1972 de
1088 1910 1183 1972 rebus
1216 1911 1280 1972 suis
1310 1911 1460 1989 pecuniis,
1494 1919 1640 1990 argent0,
1676 1910 1838 1982 clenodiis
1871 1909 1967 1978 libris,

415 2016 567 2086 vestibus,
592 2017 682 2096 equis
707 2029 738 2078 et
763 2018 832 2080 aliis
856 2017 1006 2079 omnibus
1032 2037 1186 2097 pereum
1212 2015 1425 2096 undecunque
1448 2017 1612 2096 acquisitis
1635 2017 1745 2078 testari
1764 2017 1884 2096 poterit
1901 2027 1964 2079 tan-

415 2143 510 2204 quam
525 2123 692 2186 deservitis
710 2146 766 2206 per
782 2145 854 2186 eum
874 2127 961 2188 iuxta
979 2135 1135 2186 statutum
1152 2125 1327 2186 concilii
1351 2124 1635 2205 provincialis
1652 2134 1685 2184 et
1701 2125 1964 2185 consuetudinem

415 2231 559 2312 legitime
590 2233 814 2312 prescriptam.
862 2231 960 2312 Quod
992 2233 1016 2294 si
1046 2233 1236 2311 episcopum
1270 2231 1350 2293 mori
1379 2232 1526 2310 contigat
1551 2231 1580 2292 in
1606 2231 1690 2292 festo
1715 2250 1739 2292 S.
1764 2229 1892 2292 Martini
1916 2230 1966 2291 vel

414 2358 607 2418 quocunque
632 2339 683 2400 die
708 2349 784 2419 post
809 2339 925 2402 festum
950 2359 973 2403 s,
999 2340 1128 2402 Martini
1152 2359 1256 2420 usque
1280 2339 1320 2399 ad
1345 2338 1429 2398 diem
1463 2338 1648 2400 Nativitatis
1680 2337 1752 2408 Dni,
1785 2339 1853 2418 ipse
1877 2337 1966 2416 Epus

414 2455 560 2508 mortuus
584 2445 703 2508 habeat
728 2457 760 2509 et
784 2457 922 2508 testetur
945 2447 985 2508 de
1009 2446 1159 2508 omnibus
1192 2445 1349 2514 censibus,
1381 2445 1513 2506 decimis
1537 2455 1570 2506 et
1594 2445 1663 2507 aliis
1687 2443 1841 2507 fructibus
1865 2455 1967 2522 prete·

414 2551 482 2614 ritis
506 2553 667 2614 stantibus
691 2553 836 2616 collectis
860 2554 911 2615 vel
935 2554 1020 2634 apud
1045 2555 1185 2614 censitas
1209 2563 1241 2615 et
1261 2552 1425 2614 debitores
1442 2553 1656 2614 existentibus
1672 2563 1705 2614 et
1723 2571 1782 2631 pro
1799 2551 1965 2612 voluntate

415 2679 472 2720 sua
496 2659 605 2720 omnia
629 2658 688 2721 hec
713 2671 891 2725 convertat.
937 2659 970 2722 Si
995 2681 1072 2722 vero
1105 2671 1182 2741 post
1213 2659 1329 2722 festum
1361 2659 1545 2721 Nativitatis
1578 2657 1640 2720 Dni
1672 2669 1705 2720 et
1738 2660 1820 2720 inter
1850 2656 1965 2719 festum

414 2787 439 2828 S.
458 2765 666 2846 Margarethe
690 2769 879 2848 episcopum
898 2769 978 2830 mori
996 2769 1172 2849 contingat.
1198 2777 1318 2828 extunc
1335 2765 1430 2826 nichil
1447 2765 1575 2827 habeat.
1602 2763 1634 2826 Si
1651 2777 1759 2827 autem
1776 2766 1967 2844 episcopum

415 2883 490 2953 post
515 2873 632 2934 festum
658 2893 680 2936 s.
706 2874 911 2954 lllargarethe
935 2875 1044 2956 aliquo
1069 2876 1119 2937 die
1144 2885 1177 2936 et
1200 2877 1283 2936 inter
1307 2873 1424 2935 festum
1456 2893 1481 2935 s.
1515 2873 1643 2934 Martini
1675 2873 1757 2934 mori
1785 2872 1964 2952 contingat,

413 2978 533 3041 babeat
556 2981 688 3043 terciam
713 2992 838 3060 partem
863 2984 1006 3044 omnium
1031 2983 1198 3054 fructuum,
1223 3001 1376 3044 censuum
1408 2991 1441 3042 et
1472 2980 1676 3052 decimarum,
1707 2979 1747 3041 de
1778 2979 1893 3058 quibus
1923 2988 1967 3041 te

415 3087 491 3148 stari
516 3087 644 3167 poterit,
668 3088 793 3151 duabus
816 3089 963 3170 partibus
986 3111 1045 3171 pro
1069 3109 1258 3152 successore
1282 3087 1411 3150 relictis.

521 3219 601 3282 Item
637 3221 724 3301 quod
760 3222 891 3295 decime,
928 3223 953 3284 si
988 3233 1080 3285 erunt
1116 3223 1221 3302 alique
1257 3221 1319 3282 iam
1354 3219 1490 3282 collecte
1525 3230 1557 3282 et
1592 3220 1744 3282 derelicte
1779 3197 1968 3280 vel‘adhuc

414 3325 604 3406 colligende,
629 3339 716 3390 stent
740 3330 841 3390 eciam
866 3331 993 3400 intacte,
1019 3329 1195 3392 tenutarius
1212 3339 1320 3390 autem
1338 3329 1424 3389 vivat
1441 3327 1481 3388 de
1498 3327 1631 3398 allodiis,
1655 3326 1855 3397 molendinis
1880 3327 1968 3406 pisci·

414 3434 463 3494 nis
487 3443 519 3495 et
542 3433 611 3496 aliis
635 3437 764 3497 minutis
789 3435 942 3498 fructibus
968 3447 1000 3500 et
1025 3437 1281 3499 obvencionibus
1299 3435 1565 3515 moderatamque
1582 3446 1614 3496 et
1632 3435 1798 3496 limitatam
1816 3433 1966 3494 familiam

414 3551 524 3602 teneat
548 3542 578 3602 in
603 3542 717 3604 castris
741 3553 773 3606 et
797 3543 866 3604 aliis
889 3543 984 3606 bonis
1010 3555 1042 3608 et
1066 3544 1271 3614 concordem,
1304 3561 1368 3623 que
1400 3541 1534 3604 sufficiat
1564 3561 1623 3622 pto
1648 3541 1790 3604 serviciis
1814 3539 1967 3602 faciendis

413 3649 443 3708 in
469 3647 563 3712 bonis
587 3649 646 3710 sibi
671 3651 860 3720 commissis,
885 3652 1002 3732 quique
1026 3653 1174 3714 tenutarii
1199 3651 1320 3712 incolas
1345 3659 1377 3710 et
1402 3649 1550 3711 subditos
1570 3650 1648 3730 ipsis
1664 3649 1704 3710 ad
1722 3647 1967 3730 gubernandum

414 3756 605 3817 commissos
630 3777 696 3818 non
721 3759 928 3820 exactionem
952 3779 1057 3840 neque
1081 3779 1182 3840 penas
1206 3758 1248 3821 ab
1270 3759 1314 3819 eis
1332 3757 1492 3818 indebitas
1508 3757 1641 3837 exigant
1658 3767 1713 3818 aut
1730 3755 1966 3836 quoquomodo

413 3873 558 3944 gravent,
587 3863 754 3942 presertim
788 3887 845 3944 per
876 3867 1141 3928 adinvencionem
1174 3885 1332 3927 novorum
1362 3865 1584 3944 gravaminum
1618 3874 1650 3924 et
1681 3863 1888 3925 exactionum
1911 3873 1967 3923 aut

413 3970 613 4032 tributorum.
663 3969 825 4051 Quodque
851 3973 881 4033 in
905 3973 1001 4045 silvis,
1026 3995 1109 4055 gays
1133 3985 1165 4036 et
1190 3973 1375 4034 nemoribus
1400 3972 1485 4051 ligna
1514 3971 1554 4032 ad
1579 3970 1783 4032 vendendum
1817 3989 1880 4030 non
1914 3989 1966 4029 ex-

413 4077 522 4138 cidant
546 4098 653 4158 neque
677 4099 715 4140 ea
740 4079 932 4142 distribuant
957 4092 1011 4144 aut
1036 4083 1166 4153 donent,
1191 4081 1300 4141 debita
1325 4089 1401 4159 post
1426 4088 1564 4140 mortem
1594 4076 1782 4157 pontificum
1814 4075 1965 4137 derelicta

413 4203 478 4244 non
503 4183 657 4254 relaxent,
682 4186 822 4266 piscinas
847 4188 946 4248 eciam
971 4209 1036 4249 non
1053 4187 1218 4250 effundant
1235 4187 1276 4248 ad
1292 4185 1497 4247 vendendum
1515 4187 1628 4265 pisces,
1653 4184 1711 4244 sed
1728 4185 1796 4246 sine
1812 4182 1965 4244 effusione

412 4311 520 4354 earum
547 4293 688 4372 piscibus
712 4303 842 4356 utantur
866 4315 925 4374 pro
951 4297 1144 4358 necessitate
1168 4316 1234 4356 sua.
1260 4292 1293 4354 Si
1317 4314 1394 4354 vero
1419 4293 1459 4354 de
1481 4291 1607 4352 allodiis
1631 4301 1664 4352 et
1688 4291 1757 4352 aliis
1774 4289 1966 4370 supradictis

412 4398 527 4480 aliquis
560 4401 790 4462 tenutariorum
824 4399 969 4462 fortassis
1006 4423 1070 4462 uon
1103 4413 1216 4482 posset
1252 4401 1441 4468 contentari,
1477 4401 1618 4478 recipere
1654 4397 1774 4477 poterit
1808 4397 1964 4458 decimam

411 4525 507 4567 unam
533 4508 583 4567 vel
609 4505 716 4586 plures
741 4527 800 4588 pro
824 4511 1066 4571 sustentacione
1090 4509 1136 4570 sui
1162 4519 1194 4570 et
1219 4507 1336 4568 familie
1360 4525 1431 4566 cum
1458 4506 1594 4566 sciencia
1612 4517 1644 4566 et
1660 4523 1822 4566 consensu
1839 4503 1969 4565 admini-

412 4615 575 4690 stratoris;
609 4613 730 4674 edificia
760 4616 861 4676 eciam
893 4617 1019 4696 integra
1043 4617 1073 4676 in
1098 4617 1191 4676 curiis
1216 4613 1455 4694 episcopalibus
1479 4625 1511 4674 et
1536 4611 1770 4692 suppellectilia
1794 4610 1962 4671 domorum

411 4721 644 4803 episcopalium
669 4733 863 4784 conservent
888 4733 920 4785 et
945 4743 1007 4783 non
1033 4723 1182 4792 alienent,
1207 4723 1309 4782 eciam
1333 4721 1359 4781 si
1383 4719 1458 4780 talia
1482 4719 1606 4798 fuerint,
1633 4739 1697 4800 que
1721 4717 1864 4778 nondum
1889 4727 1963 4779 sunt

410 4829 541 4892 redacta
564 4829 596 4889 in
620 4827 759 4910 aliquam
784 4831 926 4910 speciem
950 4829 1072 4892 edificii.

518 4961 666 5042 Cumque
699 4963 738 5024 de
770 4963 877 5025 futuro
910 4975 1042 5044 pastore
1073 4963 1239 5042 provisum
1264 4961 1364 5030 fuerit,
1389 4960 1484 5022 faciat
1509 4963 1578 5040 ipse
1602 4960 1844 5022 administrator
1864 4961 1967 5040 primo

410 5069 573 5132 racionem
606 5070 646 5130 de
675 5069 825 5132 censibus
856 5091 914 5150 per
945 5091 1018 5133 eum
1050 5069 1212 5151 perceptis
1243 5080 1275 5129 et
1308 5067 1458 5130 omnibus
1490 5069 1559 5130 aliis
1591 5068 1686 5130 bonis
1718 5087 1754 5128 ac
1780 5069 1881 5130 eciam
1907 5085 1964 5146 per

410 5197 482 5240 eum
508 5177 667 5256 expositis
691 5197 763 5238 cum
789 5177 940 5255 predictis
964 5177 1065 5239 tribus
1091 5177 1130 5237 dc
1155 5175 1296 5256 capitulo
1322 5176 1381 5255 ipsi
1403 5176 1567 5254 episcopo,
1592 5184 1765 5256 postquam
1783 5193 1880 5255 super
1902 5173 1964 5234 boc

411 5283 503 5346 fuerit
520 5285 699 5364 requisitus,
720 5295 752 5346 et
774 5285 804 5344 in
822 5286 988 5364 presencia
1005 5283 1184 5365 aliquorum
1201 5283 1335 5344 aliorum
1354 5282 1393 5343 de
1410 5281 1551 5363 capitulo
1570 5302 1627 5360 per
1643 5283 1834 5362 episcopum
1851 5280 1966 5362 eligen-

410 5391 540 5468 dorum;
573 5403 650 5472 post
679 5390 740 5452 hoc
765 5402 798 5453 et
821 5391 874 5452 alii
898 5392 1042 5472 requisiti
1066 5391 1211 5454 similiter
1235 5391 1352 5452 facient
1375 5391 1536 5450 racionem
1561 5389 1719 5469 episcopo
1744 5389 1775 5450 in
1800 5387 1963 5467 presencia

409 5499 676 5561 administratoris
701 5509 733 5560 et
757 5497 936 5580 aliquorum
960 5498 1000 5559 de
1024 5499 1166 5578 capitulo
1191 5499 1279 5559 iuxta
1305 5497 1481 5558 inventaria
1506 5495 1599 5557 facta.
1646 5496 1680 5558 Si
1704 5497 1774 5576 quis
1798 5505 1906 5556 autem
1929 5494 1960 5554 in

409 5607 538 5670 racione
570 5605 730 5680 defecerit,
766 5607 806 5668 ad
840 5625 960 5680 corum,
984 5627 1046 5685 que
1071 5606 1253 5685 perceperit
1277 5603 1358 5666 ultra
1383 5623 1546 5684 expensas
1571 5603 1777 5676 necessarias
1804 5601 1964 5664 tenebitur
