4416 6366
429 574 489 649 148
928 571 1022 620 ACTA
1041 571 1204 621 CAPITULI
1228 571 1485 620 POZNANIENSIS

424 665 714 672 ..—-—.—...—.-..
744 665 751 670 .
1147 664 1407 670 —-.-—.
1434 665 1625 672 .—-—-..—-
1652 667 1872 674 ——ss
1891 667 1975 674 -—-.—--

638 785 680 848 A.
709 785 805 864 1489,
832 783 1028 848 Novembris
1057 786 1107 859 16,
1131 785 1162 847 in
1187 785 1330 866 capitulo
1355 785 1508 866 generali.

533 925 620 994 794.
645 927 696 1010 Ν.
725 929 765 1008 1⁰)
789 927 871 992 Item
896 929 969 1010 quia
993 929 1144 992 omnibus
1167 927 1254 1002 dnis,
1282 929 1337 1010 qui
1361 929 1511 992 obtinent
1533 929 1626 992 villas
1649 929 1923 1010 prestimoniales,
1947 931 1978 992 in

424 1037 541 1118 quibus
569 1046 644 1099 sunt
676 1034 844 1109 scultecie,
875 1036 916 1098 de
947 1035 1063 1117 quibus
1095 1034 1306 1098 solvebantur
1337 1048 1425 1100 certe
1458 1037 1632 1118 pensiones
1664 1058 1723 1117 pro
1754 1037 1978 1100 anniversariis

424 1145 668 1216 defunctorum,
694 1153 830 1224 propter
860 1143 940 1204 des
950 1153 1100 1206 ectum
1132 1143 1414 1206 colonorum
1446 1145 1570 1206 solucio
1593 1145 1634 1206 de
1658 1165 1819 1206 consensu
1843 1145 1980 1206 dnnrum

423 1273 484 1334 pro
508 1251 657 1331 capitulis
682 1249 887 1330 generalibus
911 1251 1178 1312 conveniencium
1211 1249 1269 1312 fuit
1294 1251 1477 1314 intermissa
1513 1272 1572 1332 per
1594 1251 1718 1334 aliquot
1749 1271 1852 1314 annos
1880 1271 1981 1332 usque

424 1357 544 1440 adhuc,
568 1359 630 1420 iam
655 1359 699 1419 ita
722 1357 905 1420 ordinatum
930 1367 996 1434 est,
1025 1359 1177 1439 quatinus
1200 1357 1334 1438 quilibet
1357 1357 1518 1422 dictorum
1543 1359 1679 1421 dnorum
1704 1357 1874 1422 scultecias
1897 1357 1980 1422 obti-

425 1467 587 1540 nencium,
620 1476 654 1529 ut
687 1465 854 1544 prefertur,
886 1466 1061 1546 pensiones
1093 1465 1134 1526 de
1165 1466 1243 1545 ipsIs
1275 1466 1356 1528 solvi
1389 1477 1563 1530 consuetas
1588 1467 1770 1548 Incipiendo
1800 1487 1820 1528 a
1843 1465 1929 1528 festo
1953 1486 1978 1528 s.

424 1575 554 1637 MartIni
579 1575 727 1653 proxime
752 1583 890 1635 venturo
915 1573 982 1635 sive
1007 1573 1138 1634 easdem
1163 1571 1333 1635 scultecias
1365 1573 1523 1636 coluerint
1554 1575 1621 1636 sive
1650 1593 1733 1646 non,
1764 1573 1893 1636 solvant
1923 1593 1981 1654 per

425 1681 633 1744 medietatem
658 1681 866 1760 pensionum,
891 1691 926 1742 ut
951 1681 1006 1742 ita:
1031 1681 1056 1742 si
1081 1681 1153 1760 qula
1177 1689 1307 1742 tenetur
1331 1680 1459 1742 solvere
1484 1681 1564 1742 duas
1588 1700 1724 1752 marcaS,
1749 1679 1857 1743 solvat
1881 1699 1978 1742 unam

425 1807 528 1870 usque
552 1809 611 1870 per
635 1797 701 1850 tres
728 1807 832 1850 annos
863 1797 896 1849 et
925 1787 1050 1849 interim
1083 1787 1287 1868 diligenciam
1320 1787 1374 1848 dni
1402 1799 1556 1868 regentes
1587 1789 1746 1850 actualem
1778 1787 1912 1858 saciant,
1945 1799 1979 1850 ut

425 1897 539 1958 melior
560 1895 709 1958 condicio
732 1905 889 1976 appareat
914 1894 954 1955 de
978 1895 1134 1974 regImine
1157 1895 1310 1974 ipsorum.

638 2070 680 2133 A.
712 2073 809 2150 1489,
836 2069 1031 2134 Novembris
1061 2073 1113 2142 18,
1139 2070 1169 2132 in
1194 2070 1338 2152 capitulo
1362 2071 1516 2154 generali.

533 2211 618 2279 795.
642 2211 693 2294 (V.
721 2213 775 2292 2⁰).
799 2213 922 2275 Ibidem
947 2213 986 2274 de
1011 2232 1171 2274 consensu
1189 2232 1296 2276 vener.
1318 2213 1372 2274 dni
1389 2213 1540 2277 Iohannis
1557 2214 1597 2276 de
1614 2213 1805 2277 Leschezno
1822 2215 1977 2296 prepositi

424 2322 562 2384 Poznan.
587 2320 641 2381 dni
665 2319 824 2382 moderati
849 2331 923 2382 sunt
947 2321 1184 2400 preposituram
1209 2319 1349 2384 Poznan.
1375 2321 1417 2382 ad
1442 2321 1521 2384 XIV
1546 2342 1670 2384 marcas
1701 2323 1742 2384 ad
1770 2325 1868 2384 vitam
1893 2323 1980 2384 dum·

424 2438 517 2492 taxat
542 2427 641 2509 ipsius
665 2437 800 2508 propter
823 2427 999 2490 notabilem
1024 2427 1186 2490 deiectum
1212 2428 1395 2519 bominum,
1420 2429 1600 2490 carenciam
1618 2441 1651 2490 et
1670 2449 1821 2510 agrorum
1839 2430 1979 2492 deserta·

424 2537 551 2599 cionem
576 2535 830 2616 provenientem.

534 2673 619 2742 796.
645 2676 748 2756 (lbid.)
772 2675 893 2738 Ibidem
911 2687 1047 2758 propter
1070 2677 1227 2760 dampna,
1253 2698 1317 2760 que
1340 2677 1633 2759 stipendarii
1656 2680 1688 2740 In
1713 2677 1813 2741 fundo
1837 2677 1979 2760 preposi-

425 2796 496 2850 ture
519 2803 606 2846 anno
631 2783 772 2865 presenti
793 2783 1034 2858 commiserunt,
1059 2784 1125 2846 dno
1142 2787 1311 2866 preposito
1327 2786 1517 2848 dimiserunt
1539 2785 1586 2848 Vl
1612 2805 1736 2848 mareas
1759 2787 1799 2848 de
1823 2787 1978 2866 pensione

427 2913 488 2974 pro
510 2891 571 2954 hac
594 2892 664 2953 vice
689 2890 873 2964 dumtaxat,
897 2901 930 2954 et
954 2901 1030 2954 octo
1054 2911 1180 2953 marcas
1204 2892 1318 2956 solvet.

640 3067 683 3130 A.
714 3069 812 3146 1489,
837 3067 1032 3129 Novembris
1059 3085 1116 3146 24,
1140 3070 1172 3130 in
1197 3069 1341 3146 capitulo
1365 3067 1517 3150 generali.

534 3205 618 3275 797.
642 3209 696 3289 (V.
723 3210 763 3288 3).
788 3209 961 3270 Decretum
987 3229 1046 3290 pro
1070 3211 1157 3292 agris
1186 3211 1329 3274 desertis.
1347 3211 1529 3274 —Ibidem
1554 3211 1780 3286 decreverunt,
1805 3212 1893 3293 quod
1919 3231 1976 3293 pro

426 3317 571 3380 locandis
606 3315 838 3379 kmethonibus
873 3317 904 3378 in
936 3318 1022 3398 agris
1047 3318 1198 3390 desertis,
1231 3328 1266 3380 ut
1290 3339 1329 3380 eo
1354 3321 1575 3400 prompciores
1599 3321 1663 3382 sInt
1686 3320 1739 3380 dni
1764 3319 1977 3402 regentes-ad

427 3425 606 3494 locandum,
631 3424 710 3485 duas
727 3433 837 3504 partes
853 3421 958 3486 solvet
975 3425 1149 3506 capitulum
1168 3437 1199 3488 et
1216 3445 1334 3506 regens
1351 3428 1482 3488 terciam
1503 3427 1580 3488 dare
1596 3425 1729 3489 debebit
1745 3426 1836 3488 salvo
1852 3447 1902 3498 eo,
1925 3427 1976 3488 ubi

390 3525 393 3532 ¹
428 3533 481 3594 dni
510 3534 651 3614 regentIs
672 3531 766 3612 culpa
790 3551 867 3610 ager
891 3531 1113 3606 desertaretur,
1139 3533 1212 3614 quia
1238 3543 1314 3594 tunc
1339 3535 1476 3615 propriis
1500 3533 1653 3615 impensis
1677 3533 1783 3594 locare
1808 3543 1976 3595 teneretur.

637 3706 679 3769 A.
708 3723 799 3785 1490,
823 3707 959 3769 Ianuarii
986 3723 1021 3788 5,
1046 3709 1076 3770 in
1101 3709 1252 3790 capitulo

534 3847 619 3916 798.
655 3849 709 3932 (V.
733 3851 777 3929 4).
812 3849 935 3912 Ibidem
959 3851 1013 3912 dni
1037 3850 1276 3932 deputaverunt
1307 3853 1391 3914 dnos
1424 3851 1617 3924 Hectorem,
1650 3851 1823 3914 Martinum
1848 3863 1880 3914 et
1905 3851 1976 3914 Cae-

429 3958 600 4040 szyelszky
634 3957 676 4020 ad
707 3957 872 4018 civitatem
905 3958 945 4019 ad
982 3959 1321 4038 stipendarios
1356 3961 1463 4040 regios
1495 3980 1552 4022 seu
1584 3959 1624 4020 ad
1657 3959 1907 4042 rothmagistros
1936 3959 1976 4020 ad

426 4065 629 4129 tractandum
653 4083 725 4126 cum
750 4065 828 4145 ipsis
852 4065 892 4126 de
917 4065 1065 4146 dampnis
1090 4066 1274 4128 hominibus
1297 4067 1430 4146 capituli
1455 4067 1558 4130 illatis.

533 4203 618 4272 799.
650 4206 748 4288 (lbid.)
781 4206 904 4268 Ibidem
929 4207 1167 4288 deputaverunt
1192 4209 1274 4270 dnos
1299 4207 1467 4270 officialem
1492 4218 1524 4270 et
1548 4207 1724 4271 Hectorem
1749 4207 1789 4270 ad
1815 4209 1976 4270 civitatem

424 4314 465 4376 ad
489 4314 589 4376 dnum
620 4314 846 4376 cancellarium
878 4316 968 4395 regni
1002 4315 1033 4374 in
1064 4314 1154 4376 lacto
1190 4315 1644 4395 stipendiariorum,
1680 4317 1733 4396 qui
1768 4315 1976 4378 destruebant

423 4421 510 4484 bona
533 4421 666 4503 capituli
690 4431 723 4484 et
747 4422 883 4483 duorum
908 4421 1105 4501 prelatorum
1130 4433 1163 4484 et
1187 4424 1427 4484 canonicorum.

638 4597 680 4660 A.
710 4615 800 4676 1490,
826 4598 960 4660 Ianuarii
990 4615 1043 4676 14,
1069 4598 1100 4659 in
1125 4599 1277 4679 capitulo.

531 4735 618 4804 800.
652 4739 705 4820 (V.
728 4741 762 4820 4)
776 4789 804 4802 ..
828 4739 1077 4821 Deputaverunt
1101 4739 1157 4802 dni
1180 4741 1263 4804 dnos
1286 4739 1464 4802 Hectorem
1489 4751 1522 4803 et
1546 4739 1783 4820 Grodziczszky
1807 4739 1848 4802 ad
1872 4739 1974 4802 ciuita-

423 4858 489 4910 tem
525 4847 566 4909 ad
602 4848 701 4909 dnum
736 4845 883 4930 Fyrlyey
921 4850 953 4910 iu
993 4847 1080 4911 sacto
1118 4849 1551 4928 stipendariorum,
1590 4869 1630 4910 ne
1668 4848 1785 4909 damna
1823 4846 1974 4908 inferrent

422 4953 607 5017 hominibus
631 4955 771 5036 capituli.

635 5129 677 5192 A.
707 5149 797 5210 1490,
821 5131 956 5196 Ianuarii
986 5147 1031 5212 17,
1058 5131 1089 5192 in
1114 5131 1265 5214 capitulo.

529 5270 615 5339 80l.
640 5275 693 5354 (V.
718 5275 749 5356 4)
763 5323 790 5337 ..
815 5273 933 5338 Vener.
958 5275 1012 5336 dni
1032 5273 1191 5348 officialis,
1209 5273 1433 5348 cancellarius,
1460 5273 1715 5354 Strzalkowsky,
1733 5270 1972 5354 Rogalynszky,

422 5381 548 5444 Hector
572 5380 809 5461 deputaverunt
838 5382 936 5444 dnum
961 5381 1198 5462 Czeszyelszky
1230 5382 1271 5444 ad
1295 5381 1523 5444 cubicularium
1556 5383 1679 5463 regium
1711 5381 1741 5440 in
1774 5378 1860 5441 Iacto
1892 5375 1971 5448 salis,

422 5489 471 5550 cui
496 5487 651 5550 florenum
676 5487 926 5571 Hungaricalem
950 5511 1009 5571 per
1031 5509 1151 5552 annum
1176 5489 1298 5552 donare
1323 5489 1574 5564 mandaverunt,
1602 5487 1754 5572 petendo,
1779 5507 1820 5548 ne
1845 5487 1875 5547 in
1894 5482 1973 5546 villis

421 5595 651 5678 capitularibus
675 5595 722 5660 sal
747 5596 963 5660 Cracoviense
988 5607 1110 5682 querat.
