4390 6368
793 585 975 638 annorum
996 585 1182 641 roos-1506.
1711 603 1767 668 191

218 677 695 688 ——ffla———u—-n---a-“m
701 679 838 686 -—-——---
843 679 1172 687 ——---—-
1178 680 1206 686 .-
1243 681 1269 686 -
1573 680 1773 687 ——-

323 796 434 866 1003.
457 799 544 880 (Vll.
574 799 643 881 10⁰).
668 799 752 862 Item
776 800 988 864 decreverunt
1012 800 1053 862 de
1078 819 1238 864 consensu
1261 821 1371 864 vener.
1398 801 1451 864 dni
1475 799 1626 864 Iohannis
1642 799 1775 883 Gorsky

213 907 359 970 canonici
393 907 566 988 vicariique
590 907 621 968 in
645 904 872 988 Spiritualibus
908 908 1039 970 nomine
1076 907 1151 969 Rmi
1183 908 1237 970 dni
1261 907 1324 989 Epi
1349 909 1502 989 prestito,
1538 917 1574 970 ut
1597 910 1776 972 tenutarius

209 1015 309 1078 clavis
333 1015 471 1076 Poznan.
495 1022 528 1076 et
553 1024 745 1094 procurator
779 1013 911 1095 capituli
946 1015 1025 1076 dent
1060 1035 1120 1096 per
1143 1035 1239 1076 unam
1281 1035 1466 1078 mensuram
1494 1015 1613 1102 larene
1640 1016 1775 1098 singulis

211 1122 401 1204 septimanis
426 1121 612 1196 scolaribus,
638 1120 799 1184 desectum
831 1131 968 1203 propter
991 1121 1172 1183 absentiam
1202 1121 1340 1184 dnorum
1367 1121 1567 1204 prelatorum
1591 1133 1623 1184 et
1648 1123 1776 1184 canoni-

211 1249 322 1291 corum
347 1228 388 1290 ab
413 1229 549 1290 ecclesia
572 1228 709 1290 Poznan.
735 1238 872 1310 propter
906 1226 1221 1290 mortalitatem
1246 1239 1288 1290 et
1314 1239 1475 1308 pestem
1501 1229 1563 1290 iam
1587 1231 1618 1290 in
1642 1229 1772 1292 civitate

210 1335 349 1398 Poznan.
373 1343 406 1397 et
428 1335 634 1398 circumcirca
657 1335 736 1397 satis
760 1335 925 1416 vigentem
946 1334 1179 1396 discedentium
1204 1345 1237 1396 et
1260 1333 1400 1396 aliorum
1418 1336 1449 1396 in
1473 1337 1635 1416 proxim0,
1659 1337 1685 1398 si
1702 1357 1774 1417 pes-

211 1445 252 1506 tis
275 1443 347 1524 ipsa
370 1441 555 1516 invalescet,
580 1461 819 1505 recessurorum
844 1441 874 1502 in
899 1441 1091 1504 victualibus
1114 1441 1347 1503 elemosinariis
1365 1443 1571 1521 patientibus,
1595 1442 1774 1504 dummodo

209 1550 264 1611 dni
286 1549 456 1630 pauciores
480 1549 521 1611 ad
546 1549 648 1630 ipsam
675 1547 845 1610 ecclesiam
869 1548 1057 1612 residebunt
1081 1568 1183 1628 usque
1217 1549 1259 1610 ad
1283 1548 1421 1612 reditum
1453 1549 1590 1612 dnorum
1615 1549 1698 1612 circa
1722 1569 1773 1611 ec·

210 1657 343 1720 clesiam
368 1657 472 1737 ipsam
497 1655 595 1719 solito
619 1655 839 1719 residentium.

426 1849 468 1912 A.
498 1863 596 1929 1505,
620 1848 817 1912 Novembris
847 1865 900 1922 12,
925 1849 957 1910 in
981 1847 1133 1928 capitulo,

321 1988 434 2057 1004.
467 1991 551 2074 (Vll.
580 1991 638 2072 14).
674 1989 948 2071 Capitulum
972 1989 1219 2071 particula
1238 2010 1283 2052 re
1308 1991 1339 2052 in
1370 1991 1434 2053 vim
1457 1991 1617 2073 generalis
1638 2003 1775 2073 propter

208 2101 335 2182 pesti
351 2100 470 2162 lenti
484 2119 546 2160 am
571 2097 739 2160 translati.
756 2145 763 2160 .
787 2097 869 2160 Item
885 2108 1021 2178 propter
1044 2107 1210 2176 pestem
1226 2097 1278 2159 hic
1297 2096 1456 2160 Poznanie
1473 2112 1505 2162 et
1521 2101 1770 2180 circumquaque

206 2207 373 2289 vigentem
396 2205 512 2288 prelati
535 2205 590 2268 dni
613 2205 766 2288 generale
803 2204 977 2282 capitulum
1002 2199 1067 2289 'pro
1098 2203 1182 2266 sesto
1208 2225 1231 2267 s.
1259 2204 1394 2268 Martini
1417 2205 1479 2286 Epi
1512 2217 1545 2268 et
1569 2203 1773 2268 Confessoris

210 2313 344 2396 singulis
367 2315 459 2376 annis
483 2314 514 2375 in
538 2311 673 2375 ecclesia
698 2310 837 2373 Poznan.
862 2331 921 2392 per
944 2309 1089 2393 prelatos
1108 2321 1141 2374 et
1158 2311 1336 2373 canonicos
1353 2310 1499 2375 eiusdem
1520 2311 1656 2375 ecclesie
1672 2313 1775 2376 teneri

210 2429 243 2483 et
267 2420 423 2484 celebrari
446 2420 576 2485 solitum
600 2417 641 2481 ad
664 2417 782 2481 festum
799 2417 1031 2481 Conversionis
1047 2418 1076 2480 b.
1095 2417 1182 2480 Pauli
1205 2428 1315 2499 apost.
1341 2439 1441 2499 prox.
1466 2429 1638 2482 venturum
1663 2429 1774 2482 tenen-

209 2530 287 2592 dum
311 2540 345 2592 et
368 2526 596 2590 celebrandurn
621 2524 824 2598 distulerunt,
859 2524 1087 2598 decernentes,
1124 2535 1159 2588 ut
1190 2525 1262 2598 dni,
1306 2527 1360 2606 qui
1396 2525 1512 2589 suerint
1547 2535 1718 2608 presentes
1742 2527 1773 2588 in

207 2637 320 2717 primis
340 2635 486 2716 vesperis
512 2633 656 2696 eiusdem
680 2631 754 2695 sesti
778 2653 802 2695 s.
819 2631 916 2706 Pauli,
939 2631 1081 2694 habeant
1105 2632 1221 2714 singuli
1246 2651 1342 2695 unam
1367 2653 1508 2696 marcam
1534 2653 1593 2714 per
1617 2653 1769 2714 procura-

206 2753 313 2806 torem
337 2740 468 2822 capituli
503 2741 581 2822 ipsis
605 2759 695 2802 more
720 2739 817 2801 solito
841 2747 874 2801 et
898 2749 1058 2801 consueto
1095 2739 1311 2820 solvendam,
1348 2759 1447 2821 super
1475 2761 1539 2822 qua
1561 2741 1773 2803 translatione

208 2847 341 2930 capituli
364 2847 546 2910 huiusmodi
570 2847 677 2910 taliter
699 2845 785 2910 facta
809 2865 988 2928 processus
1012 2845 1239 2928 publicationis
1256 2845 1406 2924 Gnezne,
1429 2847 1591 2909 Poznanie
1608 2857 1641 2910 et
1658 2847 1689 2909 in
1705 2847 1774 2910 aliis

207 2955 353 3019 ecclesiis
376 2954 592 3036 exequendos
616 2955 842 3017 decreverunt.

422 3147 464 3212 A.
494 3162 592 3229 1505,
617 3147 808 3212 Decembris
833 3165 872 3230 3,
895 3148 927 3210 in
952 3147 1103 3230 capitulo.

318 3288 429 3357 1005.
465 3291 550 3372 (VII.
581 3291 652 3373 14⁰).
683 3289 805 3353 lbidem
831 3287 907 3377 [dnil
938 3291 1146 3354 inhibuerunt
1186 3291 1257 3354 dnis
1293 3288 1450 3371 Cotwycz
1480 3289 1709 3352 archidiacono
1738 3301 1771 3354 et

208 3397 419 3482 Sigismundo
435 3400 601 3474 canonico,
626 3419 666 3461 ne
683 3400 904 3461 consentirent
920 3399 953 3460 in
977 3397 1127 3460 sinodo
1152 3396 1425 3461 Lanciciensi
1448 3417 1509 3478 pro
1525 3396 1610 3460 festo
1626 3417 1652 3461 s.
1668 3397 1769 3460 Lucie

206 3509 357 3590 proxime
381 3505 574 3570 celebranda
598 3506 630 3568 in
653 3506 875 3587 receptionem
898 3507 1024 3587 argenti
1049 3503 1249 3568 deecclesia
1273 3503 1413 3568 Poznan.
1442 3524 1503 3586 pro
1527 3524 1613 3587 rege.

421 3717 465 3782 A.
496 3718 595 3798 1506,
618 3716 784 3780 Februarii
809 3733 844 3796 3,
869 3717 901 3778 in
925 3715 1068 3798 capitulo
1091 3715 1242 3798 generali.

318 3856 428 3926 1006.
452 3860 538 3942 (Vll.
567 3858 642 3942 18⁰).
666 3858 783 3924 Prefati
808 3860 862 3922 dni
886 3909 913 3923 ..
937 3868 1160 3922 convenerunt
1184 3867 1217 3921 et
1239 3857 1466 3920 conduxerunt
1489 3877 1549 3939 pro
1565 3859 1672 3937 pretio
1696 3877 1767 3936 pro-

206 3967 317 4031 vidum
341 3988 469 4051 mgrum
494 3967 626 4030 Petrum
651 3967 692 4030 de
715 3977 802 4030 terra
827 3988 884 4030 seu
909 3967 1029 4030 ducatu
1051 3965 1207 4030 Misnensi
1242 3963 1429 4028 laterificem
1453 3964 1485 4026 in
1508 3963 1768 4046 Wangrowyecz

205 4096 291 4138 nunc
315 4087 500 4139 manentem
524 4074 566 4137 ad
590 4073 794 4137 formandum
817 4084 851 4138 et
874 4074 1077 4138 exurendum
1115 4074 1232 4136 lateres
1262 4082 1338 4155 post
1363 4081 1519 4134 montem
1555 4071 1702 4152 capituli,
1726 4071 1770 4136 ita

205 4183 295 4264 quod
317 4182 417 4245 debet
441 4184 607 4264 imponere
632 4193 665 4244 et
690 4180 824 4262 implere
860 4191 967 4245 totum
999 4180 1162 4242 fornacem
1198 4178 1353 4242 lateribus
1384 4180 1540 4258 ipsosque
1563 4179 1701 4242 educere
1724 4179 1766 4240 de

205 4290 345 4363 fornace,
368 4289 516 4370 argillam
540 4289 649 4352 fodere
673 4297 706 4351 et
730 4288 826 4370 ligna
850 4289 996 4350 scindere
1031 4288 1169 4368 propriis
1195 4287 1294 4368 ipsius
1318 4287 1485 4368 impensis;
1508 4295 1542 4348 et
1565 4285 1620 4347 dni
1643 4285 1768 4349 dabunt

206 4397 236 4460 ei
259 4416 278 4460 a
302 4396 445 4478 qualibet
480 4398 651 4460 exustione
685 4396 823 4460 fornacis
857 4393 993 4457 laterum
1018 4415 1076 4474 per
1104 4413 1171 4456 sex
1193 4409 1320 4456 marcas
1344 4402 1377 4456 et
1401 4411 1499 4454 unum
1524 4391 1697 4468 fertonem,
1721 4413 1768 4456 se-

206 4523 300 4567 cures
323 4503 421 4579 duas,
445 4505 527 4567 duos
551 4525 672 4568 euneos
695 4505 773 4568 alias
797 4503 895 4585 clyny,
929 4501 1063 4582 ligones
1087 4509 1122 4564 et
1144 4498 1238 4582 palos
1262 4499 1381 4562 ferreos
1405 4519 1466 4582 pro
1490 4500 1701 4576 necessitate,
1725 4501 1767 4564 ad

205 4611 294 4692 quod
318 4613 389 4694 ipse
412 4631 493 4692 mgr.
517 4609 630 4673 Petrus
653 4609 799 4672 almanus
823 4610 995 4673 consensit
1018 4618 1052 4670 et
1075 4606 1161 4670 hunc
1185 4616 1389 4670 contractum
1413 4626 1449 4681 se
1472 4616 1584 4668 tenere
1607 4607 1767 4670 summisit

204 4718 246 4780 ad
270 4738 370 4782 unum
393 4736 514 4780 annum
538 4717 598 4780 sub
622 4717 765 4779 censuris
773 4737 781 4794 ;
815 4726 848 4779 et
873 4717 992 4779 ibidem
1029 4715 1114 4778 dnus
1150 4711 1366 4796 Slawyenslry
1400 4711 1572 4776 fabricator
1601 4733 1765 4776 murorum

204 4823 362 4888 firmando
386 4823 471 4886 hunc
494 4833 698 4886 contractum
721 4822 810 4886 dedit
838 4823 899 4903 ipsi
925 4822 1022 4886 Petro
1045 4824 1174 4886 racione
1198 4821 1397 4901 marcipotus
1420 4819 1498 4883 alias
1513 4819 1668 4901 lythkupu
1683 4819 1765 4883 duos

202 4951 350 5014 grossos;
382 4937 421 4995 et'
439 4931 506 4994 iam
531 4950 660 4993 exnunc
695 4930 764 5012 ipse
790 4931 903 4991 Petrus
940 4931 1129 5010 quantotius
1161 4929 1299 5012 poterit,
1334 4927 1433 4990 debet
1462 4927 1515 4988 hic
1539 4927 1648 4991 venire
1671 4938 1705 4990 et
1728 4947 1764 4990 se

204 5059 278 5101 cum
305 5038 401 5102 rebus
425 5039 491 5100 suis
514 5037 688 5101 transferre
712 5037 752 5099 de
775 5036 1037 5118 Wangrowyecz
1061 5037 1200 5116 propriis
1224 5036 1290 5098 suis
1314 5035 1476 5116 impensis.

417 5248 461 5312 A.
492 5249 591 5330 1506,
616 5247 783 5311 Februarii
809 5262 839 5328 5,
863 5247 895 5310 in
919 5246 1062 5330 capitulo
1086 5244 1238 5328 generali.

314 5385 425 5455 1007.
450 5389 530 5473 (Vll.
559 5390 614 5472 19).
639 5389 760 5452 Ibidem
784 5409 890 5451 vener.
914 5388 996 5452 dnus
1027 5388 1185 5450 Martinus
1209 5386 1406 5451 Dambrowa
1438 5398 1572 5452 exactor
1603 5387 1763 5450 contri·

202 5497 397 5561 butionis
421 5517 495 5579 reg
506 5496 587 5560 alis
611 5518 714 5579 nuper
738 5497 770 5558 in
787 5495 908 5558 clerum
924 5497 1071 5560 institute
1087 5497 1182 5559 tactis
1198 5516 1258 5578 per
1273 5515 1347 5558 eum
1364 5496 1531 5577 scripturis
1547 5495 1762 5558 sacrosanctis

202 5605 320 5668 iuravit
343 5603 480 5668 fideliter
503 5605 635 5686 exigere
660 5613 693 5666 et
716 5623 910 5666 conservare
945 5605 1049 5686 ipsam
1074 5603 1347 5666 contributionem
1379 5622 1437 5684 per
1460 5623 1535 5666 eum
1566 5601 1760 5684 exigendam

199 5734 262 5802 pro
286 5723 367 5776 voto
390 5711 465 5776 Rmi
489 5709 543 5774 dni
567 5711 669 5776 nostri
694 5710 867 5776 Pontificis
1068 5699 1073 5710 ⁸
