4416 6366
439 597 499 660 ¹44
964 579 1058 632 ACTA
1077 578 1239 632 CAI'I'I'ULI
1258 579 1515 632 POZNANIENSIS

461 675 467 678 .
495 671 645 680 -.....--·....
667 671 673 678 a
737 673 747 678 -
777 673 815 678 ..-
841 673 850 678 .
873 671 1495 680 —.--—.—.----.-—---·-n---—--—.
1513 675 1520 679 -
1559 674 1601 680 --
1630 675 1665 680 -
1688 675 1696 680 -
1722 675 1740 680 ..
1760 675 1768 680 .

646 794 689 856 A.
720 795 818 872 1486,
843 793 911 855 Iulii
935 811 971 872 4,
997 795 1027 856 in
1052 793 1194 876 capitulo
1219 795 1372 878 generali.

541 931 627 1009 765,
651 936 718 1016 (IV.
747 935 872 1015 110⁰)..
898 935 962 998 Dni
986 937 1214 1010 decreverunt,
1239 937 1328 1020 quod
1353 937 1407 1000 dni
1432 947 1583 1020 regentes
1607 936 1768 1010 villarum,
1794 938 1848 1020 qui
1864 937 1986 1000 habent

433 1043 618 1119 scultecias,
643 1045 683 1106 de
707 1044 822 1124 quibus
847 1043 977 1106 solvunt
1001 1045 1227 1118 anniversaria,
1252 1057 1387 1126 propter
1410 1044 1570 1108 defectum
1594 1043 1787 1108 colonorum
1810 1045 1983 1127 suspende-

432 1161 506 1214 runt
530 1149 729 1212 solucionem
754 1151 1043 1214 anniversariorum
1067 1151 1142 1214 hinc
1166 1161 1198 1216 et
1222 1163 1289 1216 tres
1313 1171 1433 1232 annos;
1465 1154 1518 1234 qui
1550 1162 1660 1215 autem
1693 1153 1836 1234 poterint
1867 1152 1985 1214 habere

431 1258 567 1320 colonos
592 1269 624 1320 et
648 1259 809 1320 araverint
832 1257 1019 1332 scolteeias,
1042 1259 1186 1334 solvent,
1210 1269 1245 1324 ut
1268 1269 1345 1324 ante
1368 1271 1560 1324 consuetum
1584 1260 1652 1324 luit.

541 1395 627 1464 766.
653 1399 757 1482 (Ibid.)
781 1400 862 1463 Item
887 1399 952 1463 dno
975 1401 1204 1464 archidiacono
1228 1401 1473 1483 Strzallcowslry
1498 1401 1688 1465 dimiserunt
1712 1420 1853 1464 marcam
1869 1419 1985 1462 census

431 1507 472 1570 de
504 1506 704 1570 Uuolthowo
737 1507 870 1582 attentis
906 1508 1083 1590 diligenciis
1115 1519 1148 1572 et
1180 1509 1351 1590 impensis,
1386 1526 1467 1590 quas
1499 1529 1560 1592 pro
1591 1509 1820 1591 recuperandis
1852 1507 1985 1590 singulis

430 1614 660 1676 kmethonibus
686 1614 770 1678 secit.

539 1753 625 1821 767.
660 1757 765 1836 (lbid.)
800 1757 881 1820 Item
906 1757 960 1820 dni
984 1759 1028 1820 ob
1053 1778 1205 1840 magnam
1231 1769 1458 1840 paupertatem
1483 1769 1515 1822 et
1540 1757 1628 1840 quod
1657 1779 1697 1820 eo
1721 1757 1818 1820 cicius
1849 1765 1984 1837 possent

429 1865 527 1927 locari
545 1864 663 1927 deserti
679 1865 781 1928 mansi
798 1864 1030 1928 kmethonibus
1046 1866 1078 1928 in
1095 1865 1304 1949 Cobylnyky,
1322 1867 1511 1930 dimiserunt
1527 1866 1568 1928 de
1584 1885 1683 1929 censu
1700 1885 1759 1946 per
1774 1883 1834 1928 sex
1850 1882 1984 1946 grossos

429 1972 471 2034 ad
494 1971 526 2034 X
549 1991 663 2034 annos.

539 2111 624 2180 768.
648 2113 716 2196 (IV.
746 2115 823 2194 ιιι).
848 2115 928 2179 Item
953 2115 1184 2180 kmethonibus
1208 2119 1238 2180 in
1264 2117 1510 2200 Urnyeschewo
1534 2117 1723 2180 dimiserunt
1748 2113 1788 2176 de
1811 2132 1910 2176 censu
1926 2130 1984 2192 per

431 2221 603 2296 fertonem,
628 2233 662 2286 ut
686 2242 727 2285 eo
750 2223 846 2285 cicius
870 2224 972 2286 mansi
997 2224 1116 2288 deserti
1141 2223 1324 2288 locarentur
1347 2225 1389 2288 ad
1413 2245 1473 2288 sex
1496 2243 1609 2288 annos.

539 2359 624 2430 769.
655 2364 756 2448 (ibid.)
779 2365 860 2428 Item
885 2367 1043 2430 dederunt
1067 2367 1231 2430 licenciam
1256 2369 1343 2441 duis,
1368 2369 1422 2450 qui
1446 2367 1606 2430 voluerint
1630 2365 1771 2429 vendere
1795 2361 1847 2426 vel
1872 2361 1978 2424 locare

430 2493 488 2556 per
511 2471 706 2535 kmethones
730 2472 899 2536 scultecias
923 2475 954 2536 in
978 2474 1080 2548 villis,
1105 2495 1185 2556 quas
1209 2474 1359 2538 obtinent
1383 2477 1414 2536 in
1438 2475 1602 2557 regimine.

538 2611 625 2680 776.
654 2613 757 2694 (ibid.)
782 2615 862 2680 Item
887 2614 985 2678 dnum
1010 2615 1123 2698 Lasky
1148 2627 1314 2680 cantorem
1339 2627 1476 2698 propter
1499 2617 1640 2698 dampna
1663 2625 1696 2678 et
1720 2613 1895 2688 desectum,
1921 2631 1981 2692 que

428 2723 460 2786 in
484 2723 583 2786 londo
606 2723 749 2786 cantorie
766 2732 900 2805 propter
916 2723 1170 2786 desertacionem
1187 2723 1399 2787 kmethonum
1420 2723 1604 2798 factasunt,
1624 2725 1707 2785 circa
1723 2720 1980 2783 moderacionem

428 2843 506 2894 taxe
529 2830 678 2911 perprius
709 2829 793 2892 lacte
821 2840 1111 2908 conservaverunt;
1143 2841 1176 2894 et
1209 2831 1296 2912 quod
1327 2841 1452 2894 tantum
1484 2831 1606 2904 solvat,
1638 2839 1792 2912 quantum
1817 2826 1981 2908 predeces-

429 2957 520 3000 sores
544 2937 591 2999 sui
615 2946 766 2999 cantores
790 2947 866 3018 post
891 2938 1152 3002 moderacionem
1177 2937 1290 3002 ultimo
1313 2938 1432 3001 factam
1456 2937 1583 3002 solvere
1607 2945 1853 3000 consueverant.

538 3075 623 3144 771.
656 3079 759 3162 (ibid.)
787 3077 870 3142 Item
899 3079 1129 3144 kmethonibus
1157 3081 1188 3142 in
1220 3078 1419 3164 Rogalynko
1451 3079 1639 3143 dimiserunt
1663 3077 1704 3142 de
1727 3097 1827 3140 censu
1854 3095 1911 3158 per
1933 3072 1978 3136 IV

429 3207 563 3267 grossos
586 3186 627 3249 ad
651 3205 711 3250 sex
734 3206 846 3250 annos.

537 3325 623 3395 772.
657 3328 759 3410 (lbid.)
787 3329 870 3394 Item
894 3331 1121 3405 decreverunt,
1147 3331 1235 3414 quod
1259 3331 1312 3394 dni
1336 3341 1504 3413 regentes
1529 3331 1583 3412 qui
1607 3331 1704 3411 culpa·
1726 3349 1784 3392 sua
1808 3348 1907 3410 agros
1930 3325 1979 3388 de-

428 3447 645 3510 sertaverunt,
677 3437 759 3500 inita
790 3439 872 3502 duos
902 3413 1006 3502 dunos
1037 3438 1145 3502 locare
1177 3459 1234 3502 eos
1258 3450 1418 3512 tenentur,
1442 3439 1521 3502 alias
1544 3439 1585 3500 de
1609 3439 1687 3518 ipsis
1711 3435 1839 3500 solvere
1864 3454 1977 3497 census

427 3545 625 3607 tenebuntur
634 3565 641 3622 ;
670 3545 724 3624 qui
749 3553 856 3608 autem
881 3565 939 3628 per
962 3545 1194 3610 mortalitatem
1219 3545 1270 3609 vel
1294 3546 1390 3610 alium
1415 3565 1525 3608 casum
1549 3565 1615 3608 non
1639 3544 1733 3624 culpa
1758 3544 1902 3624 regentis
1925 3541 1979 3602 de-

427 3653 504 3715 serti
528 3663 619 3728 sunt,
645 3651 767 3715 debent
784 3652 882 3715 locari
899 3651 978 3716 infra
994 3663 1061 3716 tres
1077 3674 1181 3718 annos
1197 3653 1352 3736 impensis
1368 3653 1506 3736 propriis
1523 3673 1582 3735 per
1598 3651 1739 3715 medium
1756 3661 1789 3714 et
1806 3648 1978 3732 capitulum

427 3759 568 3822 medium
592 3759 769 3841 impendet.
1756 3745 1757 3748 Ἴ

641 3953 683 4016 Α.
713 3955 809 4032 1486,
833 3953 901 4017 Iulii
927 3969 962 4035 5,
986 3955 1018 4018 in
1042 3953 1184 4034 capitulo
1209 3953 1361 4036 generali.

535 4091 620 4161 773.
644 4097 713 4178 (IV.
744 4098 838 4178 111⁰).
862 4097 944 4160 Item
969 4098 1150 4178 quicunque
1174 4117 1291 4180 regens
1315 4117 1380 4159 non
1406 4096 1515 4160 lecerit
1537 4097 1738 4178 diligenciam
1763 4097 1828 4158 iure
1849 4095 1900 4158 vel
1915 4095 1978 4157 alio

426 4204 641 4285 quovismodo
665 4203 876 4267 effectualiter
899 4203 979 4265 infra
1003 4225 1138 4280 annum,
1170 4207 1196 4268 si
1220 4226 1285 4268 non
1310 4206 1496 4287 apparuerit
1528 4205 1697 4286 diligencia
1725 4203 1841 4283 ipsius,
1873 4202 1978 4266 solvet

425 4331 558 4374 censum
582 4311 622 4373 de
647 4313 766 4373 mansis
790 4311 941 4384 desertis,
967 4311 1007 4374 de
1032 4313 1148 4394 quibus
1172 4313 1367 4375 kmethones
1391 4311 1555 4394 fugerunt,
1579 4321 1612 4373 et
1636 4311 1724 4393 quod
1748 4311 1900 4392 inquirat,
1925 4309 1978 4370 ubi

426 4417 591 4500 fugerunt,
617 4419 691 4499 quia
714 4419 741 4481 si
765 4437 831 4480 non
854 4419 960 4500 possit
983 4420 1116 4497 rescire,
1141 4439 1207 4482 non
1230 4429 1368 4484 tenetur.

640 4611 684 4675 A.
714 4613 813 4693 1486,
837 4611 1035 4676 Novembris
1063 4627 1117 4693 15,
1141 4615 1174 4676 in
1198 4613 1341 4696 capitulo
1364 4613 1515 4695 generali.

533 4751 619 4821 774.
650 4755 720 4835 (IV.
751 4757 831 4834 113).
856 4755 981 4818 Eadem
1006 4756 1057 4820 die
1080 4776 1188 4818 vener.
1213 4757 1295 4819 dnus
1318 4755 1456 4819 Iacobus
1480 4753 1781 4836 Domynykowsky
1803 4752 1976 4816 canonicus

423 4862 518 4925 Pozn.
543 4883 641 4944 super
664 4861 832 4925 discordiis
855 4864 938 4926 inter
961 4883 997 4926 se
1021 4873 1054 4928 et
1077 4861 1203 4926 nobiles
1226 4862 1394 4926 Andream
1419 4873 1452 4925 et
1476 4862 1516 4925 N.
1543 4862 1657 4925 fratres
1681 4862 1722 4924 de
1739 4861 1976 4944 Lowyanczino

424 4973 596 5033 occasione
621 4971 800 5033 decime
824 4969 924 5046 lini,
956 4991 1055 5053 quam
1080 4971 1121 5033 de
1144 4969 1376 5033 kmethonibus
1399 4990 1457 5052 per
1481 4989 1633 5032 censuras
1656 4969 1891 5034 ecclesiasticas
1914 4969 1976 5030 exi-

422 5077 522 5158 gebat
546 5097 604 5159 per
628 5078 768 5140 medium
792 5099 899 5141 vener.
930 5089 963 5141 et
986 5079 1108 5162 egregii
1132 5078 1190 5140 viri
1214 5077 1269 5140 dni
1292 5077 1418 5140 Nicolai
1442 5078 1483 5140 de
1506 5075 1625 5139 Scudla
1648 5075 1865 5140 archidiaconi
1889 5075 1975 5138 Srze·

423 5187 543 5248 mensis
567 5187 597 5248 in
623 5185 760 5248 ecclesia
783 5184 923 5248 Poznan.
948 5205 1143 5249 consensum
1167 5185 1312 5266 prebuit,
1336 5195 1371 5247 ut
1395 5183 1509 5265 prelati
1533 5183 1730 5247 kmethones
1753 5185 1794 5247 de
1817 5184 1975 5264 Lowyan·

422 5294 521 5368 czino,
546 5295 599 5374 qui
624 5293 782 5356 decimam
807 5291 1040 5374 manipularem
1064 5293 1211 5364 solvunt,
1236 5291 1310 5354 hinc
1335 5302 1368 5355 et
1392 5313 1450 5372 per
1474 5293 1616 5372 quinque
1640 5311 1744 5354 annos
1768 5312 1787 5352 a
1810 5291 1974 5354 solucione

422 5399 507 5463 dicte
531 5400 655 5463 decime
679 5401 732 5463 lini
756 5402 821 5464 sint
844 5400 935 5463 liberi
966 5411 999 5464 et
1023 5401 1084 5482 ipsi
1108 5399 1234 5463 nobiles
1266 5399 1412 5462 colentes
1443 5419 1541 5481 agros
1575 5398 1728 5462 scoltecie
1759 5397 1904 5462 similiter
1932 5393 1974 5457 ad

421 5507 564 5590 quinque
587 5527 690 5572 annos
714 5528 733 5571 a
757 5508 881 5570 decima
913 5508 953 5570 de
985 5507 1078 5570 dictis
1108 5509 1194 5589 agris
1225 5506 1379 5570 scoltecie
1414 5507 1479 5569 sint
1514 5507 1642 5587 penitus
1677 5505 1834 5579 absoluti,
1870 5502 1975 5566 medio

421 5627 529 5681 autem
555 5627 704 5700 tempore
727 5615 788 5700 ipsi
812 5615 937 5681 nobiles
962 5623 1098 5698 querent
1124 5625 1234 5677 notam
1259 5615 1291 5676 in
1314 5614 1395 5677 actis
1419 5615 1473 5676 dni
1498 5611 1654 5678 officialis
1677 5633 1775 5696 super
1799 5613 1885 5674 dicta
1905 5629 1977 5692 que
