4458 6356
417 599 459 644 20
927 580 1020 628 ncrn
1040 579 1201 628 cantum
1223 577 1476 628 rozunutsusrs

499 673 868 680 .-—-.--...-.......-.-.--..
883 673 967 678 ---—-
1506 670 1749 676 —.-—-—--—-
1807 669 1880 676 -ο-
1910 671 1968 676 -

407 795 462 857 dni
486 791 635 858 Stanislai
656 793 717 874 Epi
740 793 844 864 Pozn,
868 793 1019 874 quatinus
1050 791 1343 854 commutacionem
1373 791 1516 871 ipsorum
1540 809 1638 872 super
1660 789 1822 854 beneficiis
1845 790 1963 854 factam

409 901 557 964 hincinde
579 901 795 972 admitterent,
819 919 878 981 per
900 898 1100 961 Dobeslaum
1118 898 1158 960 de
1175 895 1352 962 Coschuthi
1376 907 1412 960 ut
1435 897 1707 962 subexecutorem
1732 897 1882 979 requisiti,
1907 899 1967 960 sub

409 1008 500 1089 penis
524 1019 557 1070 et
580 1008 722 1070 censuris
745 1008 777 1068 in
800 1006 893 1069 dictis
918 1004 1031 1069 litteris
1054 1005 1226 1076 contentis,
1248 1024 1286 1067 ac
1310 1005 1341 1066 in
1366 1003 1488 1078 fratres,
1512 1014 1548 1067 ut
1571 1004 1670 1068 moris
1694 1013 1753 1080 est,
1778 1005 1966 1085 reciperent,

408 1117 461 1196 qui
484 1114 538 1177 dni
562 1115 676 1196 prelati
698 1125 731 1176 et
755 1113 901 1176 canonici
924 1123 1067 1184 attento,
1092 1113 1181 1194 quod
1203 1112 1338 1176 forsitan
1362 1112 1394 1174 in
1418 1112 1713 1193 permutacionibus
1730 1111 1873 1192 ipsorum
1892 1131 1964 1192 pac-

409 1221 461 1283 cio
484 1220 592 1284 illicita
611 1221 803 1284 intervenire
827 1220 955 1301 poterit,
980 1221 1152 1284 terminum
1186 1218 1383 1282 deliberandi
1406 1217 1447 1280 ad
1470 1219 1580 1282 feriam
1611 1219 1744 1282 terciam
1779 1219 1963 1299 proximam

411 1327 613 1390 distulerunt.

518 1456 578 1524 95.
602 1458 709 1539 (Ibid.)
743 1459 786 1522 Et
815 1457 934 1522 ibidem
965 1461 1040 1523 dicti
1064 1460 1119 1523 dni
1142 1457 1257 1540 prelati
1289 1469 1322 1524 et
1344 1459 1490 1522 canonici
1513 1479 1532 1522 a
1555 1459 1762 1541 processibus
1786 1458 1863 1521 dicti
1887 1458 1962 1520 Rmi

409 1568 510 1650 patris
533 1565 586 1629 dni
610 1565 761 1629 Stanislai
790 1567 852 1647 Epi
876 1587 913 1628 ac
937 1567 1030 1648 penis
1054 1567 1086 1629 in
1111 1567 1234 1630 eisdem
1270 1567 1435 1630 contentis
1469 1567 1715 1648 appellaverunt
1738 1576 1771 1630 ct
1794 1565 1967 1646 protestati

411 1683 486 1736 sunt
509 1673 550 1736 de
573 1673 760 1754 gravamine
782 1683 815 1736 et
838 1673 1047 1754 appellando.

625 1881 667 1946 A.
698 1899 796 1962 1433,
820 1883 927 1947 Martii
950 1898 980 1965 7,
1005 1885 1036 1947 in
1060 1885 1213 1966 capitulo.

520 2021 580 2088 96.
605 2023 640 2105 (Ι.
664 2026 717 2108 96)
754 2024 814 2086 Die
837 2021 1009 2089 Saturni..
1033 2027 1117 2090 dnus
1146 2027 1332 2109 Stephanus
1362 2026 1570 2107 Syracowslri
1597 2027 1751 2091 exhibitis
1775 2028 1968 2110 quibusdam

408 2133 521 2196 litteris
545 2134 798 2212 presentacionis
822 2132 875 2195 dni
901 2133 1033 2216 Regis
1057 2135 1173 2214 petivit
1196 2155 1232 2197 se
1260 2135 1291 2196 in
1315 2138 1508 2198 canonicum
1533 2155 1571 2197 ac
1595 2134 1790 2198 confratrem
1813 2135 1912 2216 recipi
1934 2145 1968 2197 et

412 2239 508 2302 etad
531 2241 772 2320 possessionem
796 2242 1006 2304 canonicatus
1030 2251 1106 2322 post
1130 2241 1255 2304 obitum
1275 2241 1330 2304 dni
1351 2241 1488 2322 Janussii
1515 2239 1719 2304 Scholowski
1742 2241 1882 2314 admitti,
1914 2241 1970 2303 dni

412 2365 490 2408 vero
513 2346 554 2408 de
577 2346 719 2427 capitulo
753 2347 892 2410 eundem
923 2346 1022 2410 dnum
1045 2346 1248 2428 Stephanum
1281 2347 1323 2410 ad
1347 2348 1467 2410 Rmum
1498 2359 1625 2431 patrem
1650 2348 1748 2410 dnum
1772 2346 1970 2411 Stanislaum

409 2453 517 2536 Epum
540 2453 635 2516 Pozn.
660 2475 721 2535 pro
744 2454 858 2519 litteris
892 2442 1135 2518 institucio'num
1168 2457 1375 2528 remiserunt,
1411 2475 1454 2517 ex
1485 2475 1550 2538 quo
1575 2475 1640 2517 non
1661 2453 1811 2536 apparuit
1835 2455 1965 2538 aliquod

412 2559 609 2627 mandatum.

626 2753 668 2821 A.
696 2771 795 2835 1433,
820 2755 926 2820 Martii
954 2773 1009 2830 10,
1033 2757 1064 2819 in
1088 2756 1231 2838 capitulo

521 2893 582 2962 97.
599 2896 629 2978 (Ι.
647 2898 701 2980 97)
717 2897 797 2961 Item
816 2897 934 2960 ibidem
952 2919 1059 2963 vener.
1076 2899 1124 2962 vir
1139 2897 1222 2962 dnus
1238 2898 1437 2980 Predvogius
1454 2899 1494 2960 de
1511 2897 1632 2961 Grandi
1650 2899 1835 2979 prepositus
1847 2897 1970 2961 Gnezn.

413 3005 556 3066 omnium
587 3015 620 3069 et
652 3005 852 3086 singulorum
876 3004 1014 3068 dnorum
1040 3005 1238 3088 prelatorum
1262 3015 1294 3068 et
1317 3007 1546 3068 canonicorum
1578 3003 1729 3087 [nomine]
1754 3025 1859 3068 vener.
1884 3007 1970 3068 viros

412 3111 494 3174 dnos
518 3111 673 3175 Mathiam
696 3113 787 3193 Drya
810 3112 970 3176 decanum
994 3123 1027 3176 et
1053 3111 1230 3175 Hectorem
1250 3113 1453 3194 prepositum
1478 3110 1746 3174 Gluschinensem
1771 3113 1802 3174 in
1820 3133 1967 3194 procura-

413 3228 500 3282 tores
523 3218 565 3281 ad
587 3220 873 3301 representandum
890 3230 924 3283 et
940 3220 1193 3300 comparendum
1215 3221 1247 3281 in
1270 3219 1455 3300 synodo
1479 3218 1793 3282 Lanciciensi
1816 3221 1966 3300 proxime

411 3325 610 3390 celebratura
633 3336 666 3388 et
690 3325 950 3390 conclusionibus
973 3327 1139 3408 quibusvis
1162 3325 1425 3404 interessendum,
1451 3335 1486 3388 ut
1509 3326 1540 3387 in
1564 3325 1675 3402 forma,
1691 3327 1723 3388 in
1739 3337 1967 3408 procuratores

413 3433 581 3496 constituit
604 3433 798 3514 promittens
821 3444 926 3498 ratum
949 3444 982 3498 et
1005 3443 1133 3515 gratum

516 3564 575 3632 98.
599 3567 634 3648 (Ι.
651 3565 721 3650 97Ἵ
744 3568 826 3632 Item
843 3569 961 3632 ibidem
977 3567 1091 3632 honor.
1115 3569 1173 3631 viri
1196 3567 1251 3630 dni
1269 3565 1410 3647 Jacobus
1437 3565 1681 3629 archidiaconus
1705 3564 1907 3629 Pczewensis
1930 3575 1964 3628 et

413 3675 569 3738 Albertus
592 3674 633 3737 de
652 3675 859 3755 Jaroschewo
883 3677 1058 3740 canonicus
1081 3675 1220 3738 Poznan.
1245 3695 1351 3737 vener.
1375 3682 1408 3736 et
1432 3673 1545 3736 honor.
1562 3675 1649 3736 viros
1672 3673 1798 3740 dnos..
1825 3672 1967 3754 prelatos

412 3793 446 3845 et
469 3782 687 3846 canonicos..
711 3783 823 3865 vigore
847 3783 1058 3846 institucionis
1081 3784 1257 3846 litterarum
1281 3781 1356 3842 Rmi
1370 3827 1399 3843 ..
1424 3781 1477 3842 dni
1502 3778 1652 3843 Stanislai
1676 3781 1737 3862 Epi
1755 3780 1892 3844 Poznan.
1916 3780 1968 3842 de·

411 3889 479 3953 bita
501 3889 735 3970 requisiverunt
758 3909 831 3951 cum
855 3891 1022 3967 instancia,
1054 3892 1204 3971 quatinus
1227 3888 1467 3970 resignaciones
1498 3887 1743 3957 beneficiorum,
1779 3907 1843 3970 que
1867 3887 1967 3968 possi·

411 3997 532 4058 debant
556 3995 915 4070 inecclesiaPoznan.,
940 4017 1102 4060 excausa
1132 3996 1383 4078 permutacionis
1414 3995 1444 4056 in
1469 3995 1617 4056 manibus
1649 3994 1792 4056 eiusdem
1816 3993 1892 4056 Rmi
1916 4014 1968 4075 pa·

411 4105 468 4168 tris
488 4105 542 4166 dni
566 4101 716 4166 Stanislai
739 4103 802 4185 Epi
825 4102 976 4167 hincinde
998 4104 1100 4167 factas
1123 4103 1332 4166 admitterent
1356 4101 1511 4182 ipsosque
1534 4101 1566 4162 in
1590 4100 1768 4164 confratres
1785 4102 1967 4180 reciperent

411 4211 513 4274 acad
537 4212 779 4292 possessionem
817 4211 975 4274 dictorum
1010 4211 1239 4274 beneficiorum
1274 4209 1482 4272 admitterent
1514 4195 1574 4270 sub
1598 4208 1690 4288 penis
1716 4218 1748 4270 et
1771 4209 1914 4270 censuris
1937 4209 1968 4269 in

412 4319 505 4382 dictis
528 4317 641 4380 litteris
665 4319 835 4381 contentis.
862 4317 905 4381 Et
928 4319 1003 4399 quia
1027 4319 1215 4400 questiones
1241 4317 1323 4380 inter
1347 4317 1453 4379 dictos
1477 4315 1561 4378 dnos
1588 4315 1734 4397 prelatos
1750 4325 1783 4378 et
1799 4315 1974 4378 canonicos

412 4435 503 4488 erant
526 4435 650 4498 exorte,
674 4445 714 4486 an
739 4444 857 4506 corpus
881 4425 1042 4506 integrum
1066 4437 1133 4488 tam
1158 4425 1435 4488 archidiaconatus
1451 4445 1548 4506 quam
1566 4424 1731 4506 prebende
1748 4423 1967 4505 predictorum

413 4534 503 4596 iuxta
526 4531 763 4594 continenciam
787 4530 873 4593 bulle
897 4551 916 4592 a
941 4529 1026 4594 Sede
1046 4533 1227 4613 apostolica
1251 4551 1407 4594 concesse
1424 4551 1522 4612 super
1537 4531 1714 4612 equacione
1731 4531 1968 4605 beneficiorum,

415 4649 511 4722 prout
538 4639 568 4700 in
593 4639 663 4719 ipsa
686 4638 774 4700 bulla
799 4639 991 4714 continetur,
1015 4639 1290 4702 commutantibus
1314 4639 1381 4700 dari
1406 4638 1540 4712 debeat,
1575 4658 1616 4699 an
1648 4637 1788 4719 antiquis
1812 4637 1969 4701 fructibus

414 4745 642 4810 beneficiorum
666 4765 797 4808 suorum
821 4745 962 4810 debeant
986 4747 1144 4828 gaudere,
1173 4767 1213 4807 an
1238 4746 1339 4808 eciam
1364 4747 1405 4808 sit
1433 4745 1628 4808 servandum
1654 4745 1694 4807 de
1717 4745 1786 4808 aliis
1809 4743 1972 4808 beneficiis

411 4855 474 4916 iam
498 4853 689 4935 permutatis
712 4863 745 4915 et
769 4855 1001 4934 permutandis,
1027 4865 1163 4934 propter
1186 4853 1273 4934 quod
1297 4853 1401 4916 dictas
1426 4853 1668 4936 resignaciones
1690 4851 1861 4914 admittere
1885 4871 1971 4914 recu·

411 4962 543 5038 sabam,
567 4959 811 5022 condicionibus
835 4961 932 5042 igitur
955 4971 989 5024 et
1012 4961 1118 5024 modis
1143 4959 1408 5034 admissibilibus,
1432 4981 1491 5042 per
1515 4980 1598 5042 quos
1622 4959 1708 5023 dicte
1732 4959 1971 5041 resignaciones

410 5079 443 5132 et
466 5069 674 5150 recepciones
709 5087 801 5130 suum
837 5068 981 5131 debitum
1017 5069 1125 5130 sortiri
1157 5069 1300 5149 poterint
1323 5067 1483 5141 effectum,
1518 5067 1658 5130 inventis
1689 5077 1722 5129 et
1746 5065 1971 5138 consideratis,

411 5176 514 5238 dictas
538 5175 778 5257 resignaciones
802 5175 834 5236 in
859 5175 1006 5237 manibus
1030 5175 1108 5238 dicti
1132 5175 1207 5237 Rmi
1230 5176 1331 5256 patris
1354 5175 1408 5238 dni
1431 5173 1583 5238 Stanislai
1606 5173 1669 5255 Epi
1692 5173 1793 5237 factas
1817 5171 1967 5235 hincinde

409 5282 608 5346 admiserunt
631 5303 668 5344 ac
692 5283 797 5344 dictos
821 5281 904 5344 dnos
924 5280 1084 5362 Jacobum
1106 5281 1275 5344 archidiac.
1299 5293 1332 5345 et
1357 5281 1530 5346 Albertum
1555 5301 1668 5342 canon.
1685 5280 1726 5342 ad
1744 5279 1969 5361 possessiones

410 5389 586 5452 eorundem
623 5387 851 5452 beneficiorum
886 5388 1087 5452 admiserunt
1111 5389 1214 5452 reales
1238 5399 1270 5451 et
1294 5389 1446 5462 actuales,
1471 5388 1573 5452 stallis
1597 5389 1628 5450 in
1651 5389 1752 5450 choro
1776 5397 1808 5450 et
1832 5387 1971 5449 vocibus

410 5498 442 5560 in
466 5497 608 5578 capitulo
633 5496 754 5559 eisdem
778 5497 967 5577 assignatis,
1003 5497 1144 5576 receptis
1167 5507 1277 5559 tamen
1308 5497 1456 5576 primitus
1479 5497 1521 5558 ab
1545 5495 1668 5558 eisdem
1692 5495 1764 5558 dnis
1783 5493 1909 5574 Jacobo
1934 5503 1967 5556 ct

411 5605 552 5672 Alberto
577 5605 617 5670 de
640 5603 851 5670 observandis
887 5603 1032 5678 statutis,
1068 5603 1323 5676 condicionibus,
1358 5603 1655 5678 consuetudinibus,
1680 5615 1713 5666 et
1736 5603 1904 5684 signanter
1927 5600 1967 5666 de
