4458 6356
952 579 1046 629 ACTA
1066 576 1229 628 CAPITULI
1248 575 1503 626 POZNANIENSIS

486 678 514 682 —
563 671 1120 682 -.-.------—————...-...-—..—.
1168 670 1251 676 -——-
1285 670 1337 676 --
1357 668 2008 676 .---..---.--.--...-.,,,,.

454 796 661 863 thabernam,
687 794 866 874 pistoriam,
892 791 1059 854 macellum
1078 789 1277 864 carnificum,
1301 789 1443 862 fabrum,
1468 799 1625 860 sutorem,
1643 789 1750 850 omnia
1767 789 1866 851 libera
1882 790 2008 852 nemine

453 924 511 966 eos
535 903 746 984 impediente;
770 911 802 963 et
826 921 887 962 nos
910 899 1011 960 eciam
1037 897 1190 960 Nicolaus
1214 917 1286 958 cum
1312 899 1432 960 nostris
1456 895 1563 958 liberis
1588 915 1777 976 possumus,
1802 897 1828 959 si
1852 897 2007 969 volumus

453 1011 547 1073 aliam
572 1010 763 1074 thabernam
798 1027 859 1089 pro
891 1006 985 1068 nobis
1017 1005 1137 1067 habere
1168 1007 1200 1066 in
1224 1005 1299 1066 villa
1331 1015 1526 1080 memorata;
1562 1002 1695 1064 babebit
1727 1005 1828 1065 eciam
1852 1003 2008 1066 scultetus

453 1119 639 1180 nominatus
675 1135 747 1177 cum
775 1115 840 1176 suis
872 1113 980 1175 liberis
1011 1115 1042 1173 in
1067 1112 1163 1174 fluvio
1195 1122 1306 1174 nostro
1342 1110 1473 1173 Czibina
1498 1111 1579 1172 duas
1603 1121 1793 1180 structuras,
1829 1131 1892 1190 que
1915 1111 2004 1190 raray

453 1225 616 1304 wlgariter
639 1232 878 1302 nuncupantur,
903 1223 961 1294 ita,
994 1220 1082 1301 quod
1106 1239 1125 1280 a
1149 1239 1247 1280 curva
1270 1228 1431 1281 structura
1455 1227 1566 1298 potest
1590 1218 1707 1298 piscari
1724 1238 1782 1297 per
1797 1235 1889 1280 suum
1907 1219 2005 1298 pisca·

453 1342 557 1394 torem
582 1350 692 1403 unum,
730 1349 831 1410 usque
855 1328 895 1389 ad
922 1328 1094 1407 piscinam,
1131 1347 1193 1406 que
1225 1323 1442 1404 Cruszcinslty
1478 1335 1682 1405 nuncupatur
1713 1344 1785 1386 cum
1809 1325 2006 1406 slampm'caa

452 1438 533 1501 rethi
557 1440 602 1500 sic
628 1437 728 1510 dicto,
763 1434 958 1497 kmethones
984 1436 1084 1496 eciam
1110 1445 1248 1514 possunt
1272 1432 1406 1514 quilibet
1439 1451 1534 1494 unam
1568 1441 1761 1494 structuram
1796 1432 1915 1494 habere
1939 1433 2007 1494 sine

452 1545 685 1626 impedimento
709 1543 835 1606 sculteti
861 1543 892 1602 in
917 1541 1014 1603 fluvio
1038 1541 1235 1621 supradicto.
1270 1539 1419 1602 Preterea
1443 1539 1601 1602 scultetus
1624 1559 1697 1602 cum
1723 1539 1951 1602 kmethonibus
1975 1541 2006 1602 in

453 1652 596 1732 predicta
620 1651 694 1712 villa
720 1659 829 1712 nostra
853 1647 1068 1711 Gothartowo
1093 1648 1282 1710 sedentibus
1305 1667 1323 1708 a
1348 1647 1416 1718 die,
1443 1667 1508 1728 quo
1533 1666 1567 1708 se
1592 1646 1632 1708 ad
1657 1647 1751 1708 alium
1776 1647 1881 1708 locum
1906 1657 2008 1710 trans·

451 1759 570 1820 ferrent
594 1757 633 1819 de
658 1757 740 1828 loce,
765 1756 818 1817 ubi
842 1776 925 1817 nunc
949 1755 1089 1818 resident
1114 1757 1254 1836 quinque
1279 1775 1435 1816 annorum
1455 1755 1550 1834 plena
1567 1763 1600 1816 et
1617 1753 1803 1816 omnimoda
1820 1753 2007 1834 gaudebuut

452 1865 615 1936 libertate,
649 1864 705 1927 sed
731 1861 932 1934 kmethones,
959 1863 1012 1943 qui
1037 1864 1141 1942 primo
1165 1861 1206 1922 ad
1231 1861 1408 1942 predictam
1434 1861 1542 1923 villam
1567 1861 1729 1932 venerint,
1761 1871 1887 1941 septem
1912 1880 2007 1922 anno·

453 1995 522 2036 rum
545 1972 711 2035 habebunt
748 1971 946 2044 libertatem,
983 1989 1045 2049 qua
1069 1969 1178 2032 evulsa
1210 1989 1339 2049 semper
1372 1971 1402 2030 in
1428 1968 1511 2030 sesto
1536 1989 1559 2030 s.
1585 1968 1714 2030 Martini
1739 1989 1798 2049 pro
1823 1988 1923 2030 censu
1947 1989 2006 2030 sex

451 2099 617 2142 mensuras
641 2099 769 2141 annone
794 2089 826 2140 et
850 2098 909 2140 sex
933 2097 1035 2138 avene
1060 2087 1092 2139 et
1117 2077 1275 2138 fertonem
1301 2096 1487 2158 grossorum
1513 2089 1545 2138 et
1570 2097 1628 2156 per
1652 2075 1733 2138 duos
1758 2075 1864 2156 pullos
1881 2077 2006 2138 solvere

451 2186 661 2250 tenebuntur:
687 2185 817 2264 iusuper
841 2184 988 2246 libertate
1013 2184 1124 2264 elapsa
1148 2184 1304 2246 scultetus
1336 2194 1527 2263 prenotatus
1552 2185 1671 2246 servire
1692 2184 1787 2246 nobis
1810 2185 1851 2245 ad
1875 2183 2003 2264 expedi-

451 2293 577 2354 cionem
602 2293 633 2353 in
657 2312 741 2372 equo
773 2313 837 2352 non
870 2302 1014 2364 tenetur,
1051 2291 1109 2352 nisi
1142 2293 1209 2352 eius
1240 2303 1422 2371 spontanea
1458 2290 1641 2367 voluntate;
1678 2292 1780 2352 eciam
1812 2291 2004 2356 kmethones

451 2401 537 2462 dicte
572 2410 682 2462 nostre
713 2399 788 2460 ville
819 2396 1058 2460 Gotharthowo
1088 2407 1120 2461 et
1152 2399 1259 2458 coloni
1291 2399 1342 2458 vel
1375 2398 1569 2461 kmethones
1592 2398 1632 2460 de
1657 2397 1848 2460 Kuczlrowo
1883 2399 2002 2460 nullum

451 2527 582 2570 censum
607 2507 657 2568 vel
682 2506 852 2566 dacionem
876 2505 1098 2584 expedicionis
1123 2506 1249 2568 solvere
1273 2507 1475 2577 tenebuntur,
1509 2507 1567 2567 nisi
1592 2507 1768 2568 secundum
1793 2525 1903 2568 eorum
1927 2505 2003 2567 arbi·

450 2616 544 2676 trium
569 2615 720 2687 liberum,
756 2613 781 2674 si
805 2612 961 2692 placebit,
998 2613 1096 2674 libere
1129 2613 1344 2694 pagabuntur.
1381 2609 1517 2694 Insuper
1546 2613 1680 2694 predicti
1704 2612 1897 2676 kmethones
1922 2611 2004 2676 lesto

450 2721 549 2785 Pasce
574 2732 699 2800 septem
724 2741 771 2800 gr.
795 2731 828 2782 et
852 2721 984 2804 triginta
1009 2741 1071 2782 ova
1095 2720 1135 2782 de
1160 2741 1274 2782 manso
1299 2721 1432 2802 singulis
1456 2723 1549 2783 annis
1574 2721 1667 2782 nobis
1691 2741 1729 2783 ac
1754 2725 1873 2784 nostris
1898 2721 2003 2784 liberis

450 2828 573 2891 dabunt
598 2847 656 2908 pro
681 2827 820 2904 honore;
853 2830 1020 2908 presertim
1046 2828 1180 2908 predicti
1212 2827 1407 2890 kmethones
1432 2829 1472 2889 ad
1497 2828 1643 2891 estivalia
1667 2839 1699 2890 et
1719 2828 1885 2910 hyemalia
1909 2829 2003 2890 nobis

450 2945 575 2998 tantum
600 2935 639 2995 de
663 2934 783 2996 nostris
814 2936 899 3016 agris
923 2935 1074 3006 arabunt,
1110 2937 1192 2997 sicut
1217 2947 1329 3015 posset
1364 2956 1514 2998 mensura
1537 2935 1672 3010 forensi,
1698 2937 1818 2998 vertice
1842 2935 2002 3017 deposito,

450 3042 609 3104 seminari.
633 3041 676 3104 Et
700 3043 726 3103 si
750 3043 844 3104 nobis
869 3043 1036 3116 videbitur,
1061 3043 1148 3122 quod
1174 3044 1275 3105 nostri
1300 3042 1456 3106 scultetus
1481 3054 1513 3106 et
1538 3043 1732 3106 kmethones
1757 3043 1829 3123 plus
1854 3043 1894 3104 de
1917 3045 2003 3124 agris

450 3149 591 3211 habeant
616 3150 646 3210 in
671 3150 791 3210 mansis
813 3169 931 3218 eorum,
957 3169 1054 3230 quam
1079 3150 1127 3212 ius
1151 3149 1388 3212 Theutunicum
1406 3150 1663 3232 Mardburgense
1679 3151 1819 3231 requirit,
1845 3169 2003 3212 mensura·

450 3267 554 3319 torem
579 3257 809 3318 conveniemus
832 3259 967 3337 pecunia
992 3277 1052 3336 pro
1078 3269 1204 3334 nostra;
1231 3260 1256 3320 si
1281 3269 1388 3320 autem
1414 3258 1553 3320 sculteto
1577 3267 1610 3320 et
1634 3257 1864 3320 kmethonibus
1888 3257 2003 3320 videbi-

449 3375 508 3438 tur,
533 3363 621 3446 quod
646 3365 750 3425 minus
774 3363 915 3426 habeant
939 3365 980 3425 de
1000 3367 1100 3446 agris,
1126 3377 1381 3428 mensuratorem
1407 3386 1467 3445 pro
1492 3385 1604 3426 eorum
1629 3365 1763 3444 pecunia
1788 3365 1909 3428 debent
1932 3386 2004 3426 con-

449 3473 568 3570 venire.
594 3470 636 3533 Et
660 3472 685 3532 si
709 3471 824 3551 aliquis
848 3471 1058 3533 kmethonum
1090 3472 1234 3552 predicte
1258 3473 1331 3534 ville
1356 3493 1475 3552 pecora
1507 3474 1600 3534 vicini
1625 3475 1655 3534 in
1680 3473 1745 3534 suis
1769 3473 1936 3534 lrumentis
1959 3474 2005 3533 in-

449 3579 589 3649 venerit,
613 3597 678 3638 nou
703 3578 801 3640 debet
825 3598 862 3639 ea
885 3578 925 3638 ad
951 3579 1081 3640 domum
1106 3599 1196 3640 suam
1222 3579 1356 3660 pellere,
1382 3580 1438 3642 sed
1463 3581 1503 3642 ad
1528 3581 1659 3640 domum
1685 3579 1812 3642 sculteti
1836 3599 1873 3640 ea
1896 3579 2005 3660 pellat,

449 3685 536 3766 quod
561 3685 604 3746 ibi
628 3695 805 3758 serventur,
830 3685 933 3747 donec
958 3685 1018 3748 sibi
1042 3685 1083 3748 de
1106 3687 1249 3768 dampno
1272 3687 1369 3750 luerit
1394 3688 1517 3750 iusticie
1541 3687 1832 3768 complementum;
1857 3697 2004 3768 preterea

448 3791 643 3854 kmethones
669 3795 785 3861 nostri.
820 3794 873 3873 qui
898 3793 1053 3874 scrophas
1076 3793 1259 3866 habebunt,
1290 3797 1357 3856 sive
1383 3795 1412 3856 in
1437 3796 1535 3877 gagio
1560 3806 1673 3856 nostro
1697 3794 1866 3876 glandines
1890 3814 2003 3874 prove-

449 3902 551 3972 niant,
584 3902 651 3961 sive
684 3920 764 3970 non,
798 3921 926 3980 semper
959 3901 1052 3962 nobis
1076 3923 1134 3982 per
1160 3902 1306 3984 quartale
1330 3923 1433 3964 avene
1458 3903 1533 3963 dare
1557 3901 1762 3965 tenebuntur.
1804 3899 1939 3982 Insuper
1961 3899 2003 3962 de

449 4007 574 4088 magnis
597 4007 724 4069 duobus
748 4008 868 4070 iudiciis
893 4007 1086 4071 kmethones
1112 4031 1169 4089 per
1192 4010 1351 4072 fertonem
1376 4023 1409 4071 et
1433 4010 1590 4072 scultetus
1614 4009 1654 4070 de
1678 4009 1778 4070 tercio
1802 4021 1868 4070 tres
1891 4019 2003 4070 scotos

448 4114 542 4175 nobis
566 4134 603 4175 ac
628 4115 748 4176 nostris
774 4115 923 4194 legitimis
948 4119 1188 4179 successoribus
1213 4119 1408 4179 tenebuntur
1430 4116 1471 4177 ad
1496 4116 1696 4178 solvendum.
1723 4114 1926 4177 Contulimus
1949 4137 2004 4176 au·

448 4232 514 4283 tem
539 4221 677 4283 sculteto
702 4223 763 4282 iam
789 4232 936 4302 pretacto
968 4233 1000 4284 et
1025 4224 1090 4284 suis
1123 4225 1364 4286 successoribus
1389 4225 1472 4286 natis
1496 4245 1534 4284 ac
1559 4223 1727 4284 nascendis
1752 4241 1866 4284 omnes
1889 4243 2003 4284 causas

448 4347 582 4410 magnas
607 4339 639 4391 et
664 4349 779 4410 parvas
804 4331 974 4402 iudicandi,
1002 4331 1181 4410 dequibus
1207 4352 1278 4392 cum
1304 4334 1368 4393 suis
1393 4333 1462 4411 ipse
1486 4330 1656 4393 heredibus
1681 4331 1814 4393 tercium
1838 4330 2003 4392 denarium

448 4436 599 4515 accipiat,
624 4456 685 4515 pro
710 4436 804 4500 nobis
828 4449 936 4499 autem
953 4458 991 4498 ac
1009 4441 1127 4500 nostris
1144 4437 1213 4501 filiis
1232 4440 1313 4500 duos
1337 4439 1524 4502 reservabit.
1552 4439 1703 4501 Ceterum
1720 4437 1846 4518 prefato
1863 4437 2003 4499 sculteto

447 4554 626 4606 memorate
650 4555 761 4608 nostre
785 4545 859 4606 ville
884 4543 1101 4608 Gothartowo
1134 4558 1244 4608 nostra
1269 4567 1306 4608 ac
1332 4557 1516 4610 nostrorum
1552 4547 1791 4608 karissimorum
1829 4545 2002 4607 liberorum

446 4661 626 4730 spontanea
650 4652 819 4714 voluntate
843 4653 1023 4716 addidimus
1048 4673 1145 4714 unum
1170 4665 1298 4732 pratum
1324 4655 1391 4715 sive
1415 4653 1565 4733 paludem
1597 4654 1682 4714 circa
1705 4653 1834 4714 fluvium
1859 4662 1934 4714 ante
1957 4673 2002 4713 re-

446 4768 573 4838 pertum
598 4760 638 4820 ad
663 4779 723 4821 nos
747 4759 892 4822 totaliter
916 4761 1140 4840 pertinentem,
1166 4761 1313 4822 videlicet
1338 4781 1357 4822 a
1380 4761 1524 4822 stavrrlco
1548 4779 1652 4841 usque
1674 4761 1715 4822 ad
1732 4759 1884 4841 angulum
1902 4761 2002 4840 ipsius

445 4867 532 4945 prati
555 4886 626 4927 cum
652 4867 801 4928 omnibus
827 4867 951 4940 usibus,
985 4868 1039 4947 qui
1072 4869 1102 4926 in
1127 4867 1253 4948 prelato
1285 4879 1379 4948 prato
1404 4879 1541 4949 possunt
1565 4868 1708 4948 reperiri,
1732 4867 1882 4928 videlicet
1906 4867 2000 4948 lignis

445 4983 477 5034 et
500 4973 568 5034 aliis
593 4975 813 5061 pertinenciis
839 4995 917 5055 quas
942 4975 1011 5054 ipse
1036 4974 1192 5036 scultetus
1217 4977 1247 5036 in
1273 4975 1388 5037 eodem
1413 4987 1507 5056 prato
1538 4987 1648 5057 potest
1673 4995 1732 5055 pro
1757 4995 1792 5036 se
1815 4973 1999 5038 reformare.

444 5077 527 5142 Item
551 5080 638 5142 dicto
662 5081 802 5144 sculteto
827 5092 859 5144 et
883 5083 947 5144 suis
973 5083 1112 5162 posteris
1137 5082 1330 5145 contulimus
1355 5094 1387 5145 et
1411 5083 1524 5146 damus
1557 5082 1777 5144 omnimodam
1801 5093 2000 5162 potestatem

445 5207 577 5266 pascere
601 5209 679 5250 oves
704 5191 852 5270 proprias
877 5201 909 5252 et
933 5178 1076 5251 iumenta
1109 5201 1216 5270 preter
1247 5190 1443 5253 kmethones
1475 5190 1563 5252 nullo
1588 5190 1740 5270 scrupulo
1764 5190 2002 5270 preexistente;

443 5295 613 5374 presertim
637 5297 750 5358 damus
775 5297 862 5358 dicto
886 5297 1025 5359 sculteto
1051 5297 1082 5357 in
1108 5298 1270 5359 nominata
1287 5309 1399 5360 nostra
1416 5297 1490 5359 villa
1506 5316 1622 5378 capere
1645 5317 1735 5368 aves,
1760 5296 1844 5359 feras
1868 5297 2001 5358 liberam

444 5411 653 5480 potestatem,
679 5403 944 5484 qualitercunque
969 5404 1029 5465 sibi
1054 5404 1161 5466 utilius
1195 5405 1355 5467 videbitur
1380 5405 1501 5466 lucrari.
1539 5403 1581 5466 Et
1606 5424 1646 5464 ne
1670 5404 1811 5483 desuper
1832 5403 1868 5464 in
1891 5413 1999 5483 poste·

443 5527 511 5570 rum
537 5508 709 5582 dubitetur,
735 5521 904 5590 presentes
929 5511 1024 5572 scribi
1049 5512 1197 5573 iussimus
1221 5511 1315 5592 sigilli
1341 5511 1442 5574 nostri
1467 5511 1640 5572 munimine
1664 5510 1845 5573 roboratas.
1877 5509 2001 5571 Actum

442 5615 602 5678 Poznanie
627 5617 687 5680 sub
711 5639 797 5681 anno
823 5618 876 5680 dni
902 5617 1073 5682 millesimo
1096 5619 1326 5684 trecentesimo
1351 5620 1618 5703 quinquagesimo
1641 5620 1757 5696 tercio;
1794 5617 2000 5700 presentibus
