4416 6366
828 587 1009 640 Arvorum
1029 586 1213 642 1111-1111.
1734 607 1791 670 117

349 793 436 862 613.
462 799 526 880 (111.
550 801 642 880 1111).
659 799 741 862 Item
758 799 875 862 ibidem
893 800 947 861 dni
965 799 1218 861 controversiam
1237 800 1319 861 inter
1335 817 1371 860 se
1387 809 1420 860 et
1436 798 1533 861 dnum
1551 799 1797 884 Strzalkowsky

240 903 500 968 archidiaconum
525 906 750 970 Pczewensem
776 907 947 968 occasione
970 907 1133 987 piscature
1153 907 1183 967 in
1201 905 1297 967 fluvio
1315 905 1473 985 Czibyna,
1497 927 1593 988 quem
1610 909 1695 971 idem
1712 910 1795 972 dnus

240 1011 484 1076 archidiaconus
508 1015 538 1075 in
563 1014 704 1076 tuicione
729 1012 855 1075 obtinet
880 1024 913 1076 et
937 1013 1108 1094 regimine,
1134 1013 1285 1074 obortam
1309 1015 1418 1093 sopire
1442 1014 1590 1077 volentes
1606 1015 1746 1078 fraterne
1763 1027 1795 1080 et

241 1119 419 1190 caritative,
452 1140 492 1182 eo
516 1119 616 1182 modo
645 1115 905 1183 declaraverunt:
938 1119 1082 1199 inprimis
1115 1119 1271 1193 litteram,
1305 1140 1401 1202 quam
1430 1122 1631 1202 produxerat
1654 1123 1797 1204 prefatus

241 1225 324 1288 dnus
346 1225 590 1290 archidiaconus
613 1227 673 1290 sub
698 1227 828 1309 capituli
853 1229 947 1290 titulo
972 1238 1004 1292 et
1028 1228 1134 1309 sigillo
1159 1229 1272 1290 minori
1297 1248 1393 1309 super
1418 1230 1564 1310 predicto
1581 1231 1675 1293 fluvio
1692 1230 1796 1294 eidem

241 1335 282 1396 ad
305 1333 405 1397 vitam
429 1334 462 1396 in
483 1335 658 1398 tuicionem
689 1355 727 1397 ac
752 1335 1027 1417 gubernacionem
1059 1355 1132 1399 cum
1165 1336 1328 1398 usufructu
1359 1356 1397 1398 ac
1431 1336 1621 1399 utilitatibus
1653 1338 1797 1400 eiusdem

241 1441 301 1504 sibi
325 1461 492 1518 concesso,
515 1441 753 1506 ratificaverunt
777 1463 814 1504 ac
838 1445 869 1505 in
894 1464 953 1505 suo
977 1443 1094 1505 robore
1120 1444 1292 1524 persistere
1310 1443 1496 1516 voluerunt,
1520 1443 1581 1506 hiis
1598 1455 1707 1506 tamen
1723 1465 1796 1507 con-

241 1547 420 1611 dicionibus
450 1549 600 1622 adiectis,
633 1550 720 1631 quod
751 1548 900 1613 videlicet
931 1551 1006 1612 dum
1039 1551 1123 1614 idem
1151 1551 1233 1612 dnus
1257 1549 1501 1612 archidiaconus
1527 1553 1642 1631 piscari
1666 1552 1795 1614 manda-

241 1656 338 1732 verit,
370 1657 411 1718 de
441 1667 576 1740 captura
604 1658 737 1740 piscium
765 1667 914 1721 teneatur
937 1659 1008 1720 dnis
1033 1658 1166 1738 prelatis
1190 1669 1222 1720 et
1246 1658 1409 1720 canonicis
1432 1658 1637 1739 singulariter
1660 1659 1797 1740 singulis

241 1763 457 1826 residentibus
488 1775 520 1828 et
545 1765 585 1826 ad
610 1767 729 1846 ripam,
762 1765 837 1826 dum
871 1765 1063 1846 piscabatur,
1098 1766 1302 1828 mittentibus
1334 1776 1576 1846 competentem
1609 1768 1796 1847 porcionem

241 1890 302 1950 pro
326 1890 437 1934 eorum
461 1872 602 1954 prandiis
635 1873 790 1944 tribuere,
823 1873 849 1934 si
882 1883 990 1934 tamen
1023 1883 1113 1934 tanta
1141 1874 1235 1953 copia
1260 1873 1394 1952 piscium
1420 1883 1597 1952 caperetur,
1624 1874 1711 1954 quod
1736 1875 1797 1935 sin·

243 1978 327 2059 gulis
350 1978 422 2040 dnis
439 1979 570 2060 prelatis
587 1989 620 2042 et
636 1979 800 2040 canonicis
816 1990 1024 2059 competens,
1050 1991 1084 2042 ut
1104 1979 1270 2061 prefertur,
1296 1981 1408 2060 porcio
1425 1981 1519 2042 tribui
1537 1983 1657 2060 possit,
1682 1980 1796 2042 medie·

244 2094 312 2148 tate
336 2093 446 2148 tamen
471 2087 616 2167 piscium,
642 2097 737 2166 prout
762 2097 812 2149 est
836 2086 876 2148 de
900 2107 998 2158 more,
1023 2087 1169 2168 primitus
1193 2107 1253 2168 pro
1278 2087 1369 2149 rethe
1393 2099 1564 2170 segregata
1581 2100 1678 2168 atque
1695 2091 1796 2168 pisca·

242 2192 377 2266 toribus,
403 2192 443 2255 de
459 2191 645 2257 residuitate
661 2213 739 2255 vero
756 2194 890 2275 piscium
908 2193 992 2255 idem
1009 2194 1092 2256 dnus
1107 2193 1351 2256 archidiaconus
1369 2215 1428 2275 pro
1445 2195 1536 2258 libito
1554 2216 1612 2258 suo
1629 2195 1797 2276 disponet;

242 2301 318 2362 item
344 2299 474 2380 quando
499 2300 614 2381 aliquis
637 2301 867 2362 canonicorum
891 2303 958 2364 sive
982 2300 1178 2381 prelatorum
1204 2303 1234 2362 in
1259 2303 1372 2364 eadem
1404 2301 1536 2364 Czibina
1560 2303 1656 2364 fluvio
1681 2303 1796 2383 piscari

242 2405 355 2481 vellet,
390 2407 478 2488 quod
513 2407 657 2488 prefatus
691 2408 774 2472 dnus
808 2407 1052 2471 archidiaconus
1087 2427 1292 2489 nequaquam
1329 2409 1484 2489 impedire
1507 2409 1618 2483 debet,
1652 2409 1797 2472 similiter

243 2515 418 2578 medietate
442 2515 577 2597 piscium
610 2535 669 2596 pro
694 2515 908 2597 piscatoribus
939 2536 976 2577 ac
1008 2515 1098 2578 rethe
1130 2527 1318 2597 segregata,
1352 2513 1399 2577 de
1423 2517 1485 2578 alia
1517 2517 1691 2579 medietate
1715 2516 1796 2588 dnis,

243 2631 339 2702 prout
363 2624 576 2704 prescriptum
613 2633 678 2694 est,
710 2635 903 2703 competens
935 2623 1046 2702 porcio
1077 2622 1242 2698 tribuatur,
1274 2623 1436 2686 residuum
1467 2643 1546 2686 vero
1570 2625 1705 2704 piscium
1729 2625 1797 2686 sive

243 2729 450 2810 pecuniarum
475 2750 535 2810 pro
559 2730 700 2810 piscibus
725 2731 969 2793 obveniencium
994 2751 1052 2810 per
1077 2730 1216 2792 medium
1241 2731 1416 2793 dividatur:
1442 2732 1600 2793 medietas
1623 2751 1685 2792 una
1702 2731 1796 2794 cedet

243 2837 368 2919 prelato
391 2836 443 2898 vel
468 2839 624 2898 canonico
648 2839 786 2919 piscanti
809 2838 876 2900 sive
901 2838 1079 2917 piscatores
1095 2837 1303 2912 conducenti,
1328 2839 1427 2900 altera
1445 2839 1601 2902 medietas
1619 2839 1713 2900 cedet
1730 2838 1796 2899 dno

243 2943 470 3006 archidiacono
494 2944 662 3024 sepedicto
687 2945 835 3007 tuicionis
859 2965 896 3006 ac
919 2945 1169 3026 gubernacionis
1186 2945 1325 3006 racione.
1350 2944 1431 3007 Item
1449 2944 1652 3007 inhibuerunt
1669 2944 1794 3026 prelato

243 3051 309 3112 dno
333 3049 559 3112 archidiacono
583 3051 644 3113 sub
668 3051 853 3130 privacione
876 3052 1019 3114 eiusdem
1044 3051 1144 3124 fluvii,
1169 3073 1210 3113 ne
1233 3051 1274 3114 ad
1298 3051 1487 3132 piscandum
1504 3053 1683 3132 piscatores
1699 3048 1794 3112 castri

244 3167 379 3238 propter
402 3157 520 3220 malam
545 3159 711 3240 sequelam
736 3159 882 3232 inducat,
906 3159 993 3239 quod
1018 3160 1119 3220 eciam
1143 3157 1183 3220 de
1207 3157 1357 3220 omnibus
1380 3159 1452 3220 dnis
1476 3159 1590 3238 piscari
1612 3156 1796 3220 volentibus

243 3264 425 3346 intelligere
447 3265 618 3328 voluerunt
641 3265 701 3328 sub
726 3285 812 3346 pena
836 3285 896 3346 pro
920 3266 1052 3328 arbitrio
1075 3265 1212 3327 duorum
1237 3265 1419 3346 infligenda.
1448 3265 1528 3327 Item
1554 3268 1579 3327 si
1604 3265 1688 3327 idem
1712 3264 1795 3326 dnus

242 3371 486 3434 archidiaconus
509 3372 648 3454 aliquam
673 3372 781 3434 villam
806 3383 992 3436 vacaturam
1017 3373 1178 3454 potiorem
1203 3392 1257 3447 ea,
1282 3392 1379 3453 quam
1404 3393 1496 3434 nunc¹
1512 3373 1656 3445 obitnet,
1681 3383 1796 3452 optare

242 3479 397 3553 voluerit,
428 3479 483 3541 dni
515 3479 762 3561 spoponderunt
794 3500 829 3542 se
861 3480 920 3542 sibi
953 3479 1068 3542 otferre
1099 3479 1269 3541 benivolos
1300 3492 1332 3542 et
1356 3479 1453 3542 talem
1478 3481 1585 3542 villam
1610 3490 1795 3542 vacaturam

242 3585 326 3648 ultra
349 3585 431 3648 alios
454 3596 609 3668 optantes
634 3606 700 3648 non
725 3605 861 3668 negare,
886 3608 924 3649 ea
948 3597 1058 3649 tamen
1081 3587 1287 3659 condicione,
1314 3597 1348 3649 ut
1371 3587 1491 3668 adepta
1515 3587 1589 3649 villa
1613 3589 1657 3648 sic
1682 3597 1795 3668 optata

243 3702 392 3755 teneatur
415 3694 594 3774 predictum
619 3693 747 3756 fluvium
772 3693 916 3774 Czibyna
941 3695 971 3755 in
996 3693 1135 3756 medium
1159 3693 1296 3755 dnorum
1316 3695 1495 3774 resignare,
1520 3694 1560 3756 de
1577 3714 1617 3756 eo
1633 3713 1693 3774 pro
1709 3695 1794 3755 votis

244 3819 356 3861 eorum
381 3799 596 3880 disponendo.
1063 3793 1068 3816 ‘

457 4062 500 4124 A.
532 4078 630 4143 1471,
655 4063 722 4125 lulli
745 4065 811 4145 4¹),
836 4065 867 4126 111
892 4065 1034 4144 capitulo
1057 4065 1210 4146 generali.

352 4218 439 4287 614.
465 4223 526 4304 (111.
557 4225 651 4302 1241).
677 4223 758 4286 Item
775 4224 829 4284 dni
846 4223 1045 4303 presbiteros
1062 4235 1138 4304 post
1154 4235 1298 4288 montem
1315 4225 1394 4287 alias
1410 4225 1440 4285 in
1458 4235 1569 4287 monte
1586 4237 1661 4306 post
1678 4226 1795 4287 curiam

243 4329 298 4391 dni
329 4329 392 4410 Epi
424 4329 465 4392 de
496 4330 605 4412 gracia
636 4325 693 4392 sua
724 4351 742 4392 a
774 4330 939 4394 solucione
974 4333 1225 4394 exaccionis
1260 4333 1420 4413 regalis
1455 4332 1573 4395 liberos
1601 4332 1797 4405 dimiserunt,

244 4447 356 4498 notam
379 4437 410 4498 in
435 4438 568 4500 metrica
592 4437 622 4498 in
648 4438 845 4500 contrarium
870 4439 948 4500 alias
972 4448 1161 4501 contentam
1186 4459 1284 4520 super
1306 4439 1487 4502 huiusmodi
1518 4442 1657 4522 negocio
1688 4439 1797 4500 annul-

243 4544 349 4607 lantes
373 4553 406 4608 et
429 4555 607 4608 cassantes.

459 4807 502 4871 A.
534 4824 631 4889 1471,
656 4809 800 4892 Augusti
825 4825 874 4890 27,
900 4811 931 4872 111
955 4811 1107 4892 capitulo.

352 4962 440 5032 615.
475 4967 540 5049 (lIl.
571 4970 655 5048 126).
687 4969 809 5032 ibidem
837 4969 920 5032 idern
946 4970 1048 5032 Rmus
1073 4980 1165 5050 pater
1189 4971 1272 5032 dnus
1296 4971 1386 5050 Epus
1409 4970 1547 5032 Poznan.
1572 4971 1614 5032 de
1637 4991 1797 5033 consensu

243 5073 383 5136 duorum
407 5094 517 5138 vener.
543 5075 642 5137 dnum
666 5075 843 5138 Iohannem
867 5076 908 5138 de
932 5074 1057 5138 Goslub
1081 5075 1341 5138 archidiaconum
1372 5075 1510 5137 Poznan.
1541 5076 1585 5138 ob
1616 5096 1682 5138 non
1714 5096 1799 5138 com·

243 5181 443 5264 paricionem
479 5181 510 5243 in
546 5182 730 5264 synodo
765 5193 841 5246 tunc
873 5183 1034 5244 celebrata
1066 5195 1099 5245 et
1131 5193 1222 5246 tenta
1252 5183 1476 5264 pronunciavit
1507 5193 1733 5246 contumacem
1766 5193 1799 5244 et

244 5308 418 5370 processus
441 5289 647 5352 contumacie
671 5287 887 5352 fulminandos
911 5289 1064 5352 decrevit.

356 5621 374 5690 ¹)
395 5623 465 5673 Data
484 5639 507 5672 w
527 5623 670 5689 oryginale:
692 5623 758 5671 ,Die
777 5622 847 5672 Iovis
866 5631 936 5674 sexta
954 5623 1026 5674 1111111
1046 5625 1095 5689 jest
1113 5625 1205 5692 mylua.
