4458 6356
405 571 446 640 34
916 559 1007 608 ACTA
1029 557 1190 610 CAPITULl
1212 554 1466 609 POZNANlENSlS

400 771 478 852 ipsis
501 772 533 832 in
557 769 679 844 divinis,
703 770 804 832 eciam
822 782 855 832 et
872 768 960 834 dicto
985 770 1050 832 dno
1075 771 1258 852 preposito;
1282 771 1367 834 lacta
1386 771 1553 836 sentencia
1574 769 1657 836 hora
1679 771 1851 835 terciarum
1875 771 1955 833 vica-

399 877 453 941 riis
477 875 573 940 horas
597 876 770 940 canonicas
794 877 1009 940 cantantibus.

507 979 595 1048 266.
628 983 677 1064 (ll.
708 984 796 1054 161..
832 985 1019 1065 Prepositus
1054 983 1196 1048 Poznan.
1233 982 1274 1046 de
1306 983 1483 1064 potestatis
1514 1004 1571 1048 sue
1602 984 1644 1046 ad
1672 984 1735 1046 hoc
1759 983 1957 1064 plenitudine

400 1089 547 1152 dissolvit
570 1091 826 1152 convencionem
851 1111 953 1173 nuper
976 1089 1138 1172 profesto
1163 1089 1398 1154 Purificacionis
1422 1092 1611 1164 intimatam,
1635 1091 1858 1171 presentibus:
1883 1109 1955 1152 can-

400 1207 481 1271 tore,
505 1196 677 1277 Pnewslty,
702 1196 891 1260 wladislao,

614 1391 656 1452 A.
688 1407 778 1470 1443,
802 1389 968 1453 Februarii
993 1394 1021 1465 8,
1046 1391 1077 1453 in
1101 1391 1254 1474 capitulo.

507 1528 596 1598 267.
631 1531 679 1614 (ll.
708 1533 802 1612 16)..
837 1532 901 1595 Dni
930 1533 1092 1597 lohannes
1123 1535 1163 1597 de
1195 1535 1369 1598 Drzevicza
1399 1545 1432 1597 et
1460 1533 1615 1596 Nicolaus
1638 1533 1679 1596 de
1701 1531 1954 1614 Dobyeschewo

400 1639 539 1702 confessi
563 1649 639 1703 sunt
662 1659 697 1702 se
721 1659 846 1702 errasse
869 1639 1056 1704 adherendo
1080 1641 1297 1723 appellacioni
1320 1662 1380 1724 pro
1396 1653 1489 1724 parte
1505 1641 1560 1704 dni
1584 1641 1750 1722 prepositi,
1775 1639 1859 1703 unde
1883 1660 1956 1702 eun·

400 1749 473 1810 dem
502 1767 642 1810 errorem
670 1758 907 1810 revocaverunt
936 1757 969 1812 et
997 1768 1063 1810 non
1091 1749 1262 1812 intendunt
1290 1751 1483 1832 participare
1507 1748 1579 1812 dnis
1606 1749 1775 1830 preposito
1803 1757 1836 1812 et
1859 1747 1956 1809 adhe-

400 1855 555 1918 rentibus.

613 2047 656 2112 A.
686 2065 777 2128 1443,
801 2049 968 2112 Februarii
996 2067 1042 2128 19,
1066 2050 1098 2112 in
1122 2049 1276 2130 capitulo,

507 2186 594 2256 268.
620 2189 667 2272 (ΙΙ.
698 2190 803 2272 16⁰)..
829 2191 892 2254 Dni
907 2239 936 2254 ..
961 2201 1205 2266 consenserunt,
1230 2192 1317 2273 quod
1340 2189 1397 2254 fiat
1419 2189 1621 2255 contribucio
1637 2190 1669 2252 in
1685 2190 1783 2266 cler0,
1806 2187 1955 2252 videlicet

400 2307 478 2360 taxa
501 2295 618 2377 simpla
642 2307 675 2360 et
699 2298 790 2360 iuxta
813 2299 978 2380 antiquam
1003 2299 1280 2372 consuetudinem,
1306 2319 1365 2380 pro
1384 2297 1450 2360 dno
1466 2297 1540 2380 Epo
1558 2299 1641 2362 ituro
1665 2296 1697 2358 in
1722 2295 1955 2380 Ungariam

400 2403 426 2465 si
451 2423 528 2465 vero
553 2423 618 2465 non
643 2403 708 2476 ibit,
733 2403 845 2468 eadem
871 2407 1007 2485 pecunia
1031 2405 1072 2467 de
1095 2407 1259 2468 communi
1283 2425 1446 2468 consensu
1463 2404 1517 2466 dni
1533 2404 1595 2485 Epi
1619 2414 1652 2467 et
1676 2402 1806 2484 capituli
1831 2402 1955 2483 dispen-

399 2509 522 2572 sabitur
546 2511 820 2594 collectoremque
844 2511 1027 2575 huiusmodi
1052 2513 1188 2595 pecunie
1219 2513 1303 2577 dnus
1326 2513 1418 2594 Epus
1441 2511 1585 2593 deputet,
1622 2529 1718 2592 quem
1742 2509 1888 2580 voluerit,
1922 2517 1955 2570 et

401 2619 588 2691 terminum,
613 2617 693 2680 infra
717 2639 813 2700 quem
837 2619 946 2702 colligi
970 2621 1121 2702 poterint,
1147 2630 1270 2685 statuat
1293 2629 1536 2702 competentem
1560 2628 1620 2682 etc.

613 2811 656 2874 A.
687 2830 777 2892 1443,
802 2813 968 2877 Februarii
993 2816 1044 2890 26,
1068 2815 1100 2878 in
1124 2815 1277 2897 capitulo

512 2949 600 3018 269.
616 2953 666 3033 (ll.
687 2956 735 3035 17)
761 2955 883 3018 lbidem
901 2957 1014 3037 prefati
1032 2957 1085 3020 dni
1097 2957 1306 3042 [prepositus.
1323 2955 1576 3028 archidiaconus,
1594 2965 1717 3029 cantor,
1734 2951 1956 3018 Praschmow·

400 3059 458 3132 ski,
484 3059 769 3133 Warschoviensis,
793 3063 926 3137 Hector,
951 3063 1111 3127 Iohannes
1132 3066 1172 3127 de
1197 3063 1390 3145 Nyewesch,
1415 3063 1552 3125 lacobus
1575 3061 1616 3124 de
1641 3059 1776 3132 Grandi,
1800 3059 1952 3130 Rakvicz,

400 3165 646 3248 Twardowsky,
664 3167 913 3250 Wigonowslry,
938 3170 1121 3254 Srzemslry,
1146 3171 1326 3244 Miroslaus
1352 3167 1507 3253 Mathias]
1523 3179 1556 3232 et
1572 3169 1755 3250 specialiter
1778 3166 1860 3228 dnus
1885 3185 1952 3246 pre·

402 3273 526 3354 positus
550 3273 718 3336 Wischota
744 3287 943 3356 protestatus
967 3290 1033 3350 est,
1059 3279 1145 3360 quod
1171 3279 1224 3340 dni
1256 3277 1507 3360 Wigonowsky,
1538 3273 1712 3356 Srzemslty
1736 3283 1769 3336 et
1793 3273 1953 3336 lohannes

400 3379 627 3460 Drzewiczsty
656 3383 850 3463 participant
878 3385 956 3464 ipsis
980 3385 1011 3445 111
1040 3384 1155 3447 divinis
1185 3385 1334 3448 videlicet
1364 3383 1446 3446 infra
1476 3385 1645 3446 missarum
1670 3391 1702 3444 et
1726 3381 1953 3442 canonicarum

400 3483 550 3548 horarum
577 3488 756 3568 solempnia
780 3492 811 3551 in
836 3491 1026 3554 tractatibus
1050 3492 1278 3572 capitularibus
1294 3503 1327 3554 et
1344 3491 1375 3553 in
1392 3490 1607 3554 relecionibus
1630 3487 1848 3570 quottidianis,
1873 3505 1953 3567 quas

401 3591 518 3654 ibidem
535 3594 575 3656 de
598 3593 685 3658 facto
709 3608 901 3677 receperunt
925 3619 943 3659 a
967 3597 1033 3660 dno
1058 3598 1180 3662 Mathia
1204 3609 1416 3679 procuratore
1439 3595 1624 3678 capituli...

618 3787 657 3852 A.
688 3805 780 3870 1443,
805 3789 912 3854 Martii
938 3805 964 3872 5,
990 3793 1020 3854 in
1044 3793 1195 3874 capitulo.

508 3922 595 3992 270.
621 3929 666 4009 (ll.
696 3931 760 4012 17⁰)
775 3981 803 3995 ..
830 3931 893 3994 Dni
908 3981 936 3997 ..
962 3933 1175 3998 decreverunt
1198 3935 1265 3997 dari
1289 3933 1384 3996 lV·or
1407 3949 1534 3996 marcas
1551 3931 1615 3993 dno
1633 3931 1800 4010 preposito
1824 3929 1954 3990 racione

400 4033 460 4108 vie,
485 4056 580 4116 quam
606 4035 679 4100 fecit
703 4038 743 4100 ad
774 4043 1107 4106 convencionem
1138 4043 1177 4104 in
1209 4041 1321 4106 Colo.
1353 4040 1434 4104 Item
1459 4039 1531 4102 dnis
1555 4037 1690 4100 Hectori
1713 4037 1753 4098 ad
1777 4036 1876 4097 dnum
1893 4034 1952 4096 Ar·

402 4142 551 4223 chiepum
576 4154 609 4206 et
633 4145 871 4228 Twardowslry
893 4149 934 4210 ad
958 4149 1056 4212 dnum
1081 4151 1189 4230 Epum
1213 4151 1302 4212 ituris
1331 4149 1543 4212 decreverunt
1567 4147 1633 4210 dari
1656 4145 1786 4208 cuilibet
1809 4164 1867 4226 per
1890 4163 1953 4204 me·

401 4249 486 4310 diam
511 4269 651 4313 marcam
677 4265 738 4316 etc.
765 4275 836 4316 cum
861 4257 962 4335 copiis
986 4254 1092 4319 littere
1115 4258 1233 4337 regalis
1256 4275 1353 4337 super
1376 4255 1521 4337 pecuniis
1543 4253 1619 4316 anni
1642 4249 1808 4314 Iubilei.

615 4445 658 4509 A.
688 4464 780 4526 1443,
803 4449 909 4512 Martii
934 4467 984 4523 22,
1009 4450 1040 4511 in
1064 4450 1217 4530 capitulo.

511 4583 598 4651 271.
626 4588 672 4669 (ll.
705 4591 779 4671 18⁰).
805 4591 927 4654 lbidem
953 4591 1036 4653 dnos
1060 4591 1248 4654 Miroslaum
1273 4603 1306 4654 et
1330 4589 1511 4654 Sbiluthum
1536 4589 1773 4670 deputaverunt
1797 4586 1897 4648 ituros
1912 4583 1954 4645 ad

402 4693 601 4757 iudicium
633 4697 827 4760 seculare
852 4700 883 4760 in
908 4699 993 4761 facto
1017 4699 1072 4761 dni
1091 4699 1236 4779 Jaroslai.

508 4814 596 4884 272.
621 4821 780 4902 (Ibidem.)
804 4823 928 4885 Littera
952 4823 1005 4885 dni
1030 4823 1131 4905 Regis
1140 4860 1184 4869 --
1196 4823 1392 4886 Wladislaus
1415 4821 1465 4886 dei
1483 4821 1590 4905 gracia
1615 4819 1788 4900 Hungarie,
1811 4817 1953 4891 Polonie,

402 4925 576 5002 Dalmacie,
605 4927 738 4990 Croacie
770 4941 831 4992 etc.
857 4951 924 4992 rex.
951 4931 1027 4993 Rdo
1051 4931 1083 4993 in
1109 4930 1237 4994 Christo
1263 4931 1345 5012 patri
1370 4931 1435 4993 dno
1460 4929 1593 4992 Andree
1623 4928 1698 5008 Epo
1722 4943 1754 4989 et
1778 4923 1952 4988 venerabili

401 5033 543 5114 capitulo
567 5033 706 5098 Poznan.
731 5037 853 5100 sincere
878 5038 1013 5102 dilectis.
1062 5039 1134 5102 Rde
1158 5039 1189 5100 111
1214 5038 1344 5102 Christo
1369 5049 1463 5120 pater
1480 5049 1513 5100 et
1530 5035 1729 5099 venerabiles
1752 5035 1875 5096 sincere
1898 5051 1953 5093 no·

402 5140 450 5202 bis
475 5141 591 5204 dilecti.
638 5141 762 5206 Graves
787 5155 819 5208 et
844 5145 1067 5208 lamentabiles
1091 5167 1151 5227 pro
1176 5157 1268 5226 parte
1297 5146 1435 5209 fidelium
1471 5156 1654 5207 nostrorum
1687 5144 1801 5204 civium
1825 5149 1858 5203 et
1881 5159 1953 5201 con·

401 5247 504 5309 sulum
529 5247 668 5312 Poznan.
695 5251 863 5314 habuimus
887 5253 1049 5332 querelas,
1075 5255 1295 5326 continentes,
1321 5253 1487 5335 quomodo
1513 5272 1571 5332 per
1586 5251 1723 5314 Vestras
1746 5249 1820 5311 Ptes
1836 5247 1940 5310 minus

402 5354 483 5416 iuste
507 5365 539 5418 et
564 5359 732 5435 presertim
765 5379 824 5439 pro
849 5359 945 5422 fluvio
974 5359 1109 5424 Wartha
1134 5371 1167 5424 et
1191 5361 1261 5424 aliis
1287 5371 1543 5442 aggravarentur
1566 5369 1599 5422 et
1623 5356 1952 5429 excommunicantur,

402 5463 489 5542 quod
512 5465 630 5545 ingrati
654 5475 686 5528 et
710 5487 782 5528 cum
807 5468 1019 5530 amaritudine
1054 5469 1249 5538 audivimus,
1282 5468 1450 5530 scribimus
1475 5467 1576 5529 eciam
1601 5467 1678 5546 ipsis
1701 5461 1887 5526 consulibus
1911 5463 1952 5524 de

402 5569 462 5632 illis
486 5572 602 5634 debitis
626 5575 764 5656 antiquis
788 5586 821 5636 et
844 5576 1014 5658 presertim
1036 5575 1307 5640 arrestacionibus
1331 5575 1399 5647 illis,
1424 5595 1505 5658 quas
1522 5575 1582 5659 ipsi
1600 5573 1750 5636 consules
1773 5589 1869 5650 super
1891 5590 1952 5634 vos
