4416 6366
828 587 1008 639 ANNORUM
1029 587 1213 642 1474-1476.

240 681 667 688 ...-—--—-—.--—.——...-..
670 681 717 686 .-.-
737 681 785 686 --.-
936 681 1172 689 ——--——·-—

454 800 498 862 A.
527 815 625 880 1475,
650 799 758 864 Martii
787 815 837 878 14,
862 799 893 861 in
918 796 1072 880 capitulo.

347 937 434 1006 647.
461 941 523 1022 (ΙΙΙ.
553 941 625 1022 156)
640 989 670 1005 ..
695 941 731 1003 ln
755 941 880 1021 capella
904 939 1071 1020 capitulari
1095 959 1202 1002 vener.
1227 941 1281 1002 dni
1305 939 1421 1020 prelati
1445 951 1477 1004 et
1497 942 1642 1004 canonici
1661 943 1796 1005 ecclesie

239 1049 377 1110 Poznan.
401 1049 442 1110 ad
466 1069 583 1112 sonum
608 1068 766 1129 campane
789 1049 979 1130 congregati
1003 1046 1117 1110 honor.
1143 1047 1209 1109 dno
1234 1047 1368 1110 Iohanni
1385 1047 1463 1129 Slap
1480 1050 1638 1111 canonico
1655 1060 1796 1131 quatuor

239 1175 363 1218 marcas
387 1155 595 1218 dimittendas
619 1155 661 1216 ad
684 1154 860 1236 capitulum
884 1154 1036 1236 generale
1067 1154 1320 1235 suspenderunt,
1352 1157 1411 1226 ita,
1442 1156 1529 1236 quod
1561 1176 1644 1219 nunc
1677 1157 1794 1220 nobilis

240 1263 322 1326 dnus
346 1262 561 1326 Potencianus
584 1262 746 1324 subiudex
769 1261 907 1324 Poznan.
932 1261 1075 1342 capitulo
1099 1261 1190 1325 dabit
1213 1273 1290 1325 octo
1315 1282 1450 1324 marcas.

347 1401 436 1469 648.
461 1405 564 1484 (ibid.)
588 1404 669 1467 Item
694 1404 770 1468 Rdo
794 1405 877 1484 patri
901 1403 966 1465 dno
992 1404 1091 1466 Urieli
1115 1404 1155 1465 de
1180 1402 1290 1466 Gorlra
1314 1403 1483 1484 preposito
1508 1414 1540 1466 et
1564 1403 1603 1468 R.
1620 1403 1653 1466 P.
1671 1405 1793 1467 cancel-

239 1513 317 1576 lario
342 1533 384 1574 ex
407 1523 487 1574 voto
512 1523 545 1575 et
568 1533 641 1574 cum
665 1512 854 1574 obediencia
878 1509 946 1574 Smi
969 1511 1128 1572 Kazim
1142 1511 1200 1572 iri
1225 1510 1254 1573 d.
1281 1532 1312 1592 g.
1337 1511 1439 1591 Regis
1462 1510 1597 1572 Polonie
1616 1513 1655 1574 ad
1673 1513 1794 1574 curiam

239 1621 421 1683 Romanam
446 1619 661 1702 proficiscenti
686 1629 788 1682 totam
812 1619 1003 1700 pensionem
1028 1639 1084 1680 sue
1102 1619 1314 1700 prepositure,
1337 1617 1486 1680 videlicet
1501 1618 1581 1682 XIV
1597 1637 1729 1694 marcas
1754 1619 1794 1682 de

239 1729 348 1810 gracia
371 1727 571 1790 dimiserunt.

453 1957 495 2018 A.
527 1971 622 2036 1475,
646 1955 714 2018 lulii
740 1973 798 2034 23,
822 1957 853 2016 in
877 1954 1031 2036 capitulo.

346 2094 434 2162 649.
459 2097 521 2170 (ΙΙΙ.
551 2097 678 2180 1590)..
705 2097 740 2160 111
764 2097 900 2160 ecclesia
924 2096 1099 2159 cathedrali
1123 2095 1261 2158 Poznan.
1286 2106 1417 2178 peracta
1440 2099 1649 2178 processione
1673 2097 1795 2159 domini

238 2205 458 2285 capitulariter
481 2205 673 2286 congregati
690 2203 928 2267 mandaverunt
945 2215 978 2266 et
994 2204 1208 2266 decreverunt
1224 2204 1364 2266 dandum
1381 2203 1561 2266 honorabili
1578 2203 1644 2272 dno
1660 2203 1796 2266 Iohanni

238 2313 436 2375 vicecustodi
470 2322 536 2375 tres
567 2311 712 2374 fertones
742 2322 775 2374 et
799 2332 907 2374 vener.
942 2312 1007 2372 dno
1036 2311 1133 2373 Petro
1169 2313 1327 2373 canonico
1357 2312 1514 2391 magistro
1545 2309 1665 2374 fabrice
1697 2330 1794 2374 unum

238 2418 397 2482 fertonem
422 2419 461 2481 de
485 2420 630 2500 pecuniis
654 2418 773 2481 fabrice
796 2420 927 2481 racione
951 2418 1097 2480 laborum
1126 2429 1158 2480 et
1183 2418 1367 2499 diligencie,
1400 2438 1484 2498 quos
1514 2417 1658 2481 fecerunt
1688 2419 1721 2482 in
1745 2420 1795 2482 de·

239 2527 404 2608 posicione
428 2527 495 2588 auri
518 2527 558 2588 de
583 2525 669 2606 palio
693 2526 770 2588 olim
799 2526 866 2588 Smi
900 2525 1130 2587 Kazimiri
1163 2525 1265 2606 Regis
1293 2524 1426 2587 Polonie
1457 2545 1517 2606 pro
1546 2525 1632 2588 dicta
1655 2525 1793 2589 ecelesia

238 2633 376 2697 Poznan.
400 2633 532 2697 donato.

453 2845 495 2906 A.
524 2859 623 2926 1475,
648 2843 803 2908 Octobris
832 2859 886 2925 15,
912 2845 943 2906 in
966 2843 1118 2924 capitulo,

346 2984 433 3053 650.
468 2988 532 3070 (ΙΙΙ.
561 2989 673 3068 160)..
708 2988 745 3050 ln
776 2987 901 3069 capella
932 2986 1099 3068 capitulari
1130 3006 1237 3048 vener.
1272 2986 1324 3048 dni
1350 2986 1465 3066 prelati
1490 2997 1523 3048 et
1545 2987 1690 3050 canonici
1713 2986 1795 3051 Smo

238 3097 303 3158 dno
327 3095 567 3158 Kazimiro
591 3096 620 3158 d.
645 3116 675 3177 g.
699 3095 783 3176 Regi
808 3094 939 3156 Polonie
967 3091 1032 3155 XX
1055 3093 1122 3156 flor.
1147 3094 1187 3156 de
1211 3094 1319 3173 gracia
1343 3093 1501 3156 dederunt
1526 3104 1560 3157 ct
1583 3095 1795 3170 donaverunt,
1839 3171 1842 3178 Ι

239 3203 284 3264 ΧΙ
308 3204 375 3265 lior.
400 3203 440 3265 de
466 3203 610 3282 pecuniis
635 3222 812 3284 capparum
837 3211 870 3263 et
894 3201 941 3263 lX
964 3201 1032 3262 flor.
1056 3200 1143 3282 apud
1168 3221 1276 3262 vener.
1300 3199 1399 3262 dnum
1416 3200 1569 3263 Iacobum
1587 3201 1793 3264 scolasticum

239 3319 426 3372 mutuarunt
449 3320 482 3372 ct
507 3310 638 3372 calicem
664 3309 800 3372 ecclesie
831 3309 892 3371 sibi
923 3328 983 3389 pro
1017 3309 1140 3370 eisdem
1171 3307 1300 3370 florenis
1332 3307 1532 3389 obligarunt,
1569 3329 1635 3370 non
1662 3308 1796 3374 daturus

239 3417 377 3478 eundem
401 3417 540 3490 tamdiu,
565 3416 670 3478 donec
695 3416 753 3479 sibi
778 3415 959 3479 satisfaccio
984 3414 1198 3498 impendatur.

345 3554 431 3622 651.
467 3558 569 3638 (ibid.)
605 3557 687 3621 ltem
718 3558 836 3620 ibidem
869 3578 977 3620 vener.
1008 3558 1091 3620 dnos
1115 3556 1225 3619 Adam
1249 3556 1423 3630 decanum,
1459 3555 1589 3618 Petrum
1620 3555 1795 3638 Pnyewski

239 3675 422 3739 cantorem,
456 3665 610 3728 Iacobum
642 3664 848 3727 scolasticum
877 3675 911 3728 et
942 3663 1116 3727 Albertum
1147 3663 1249 3726 Scora
1276 3663 1447 3726 custodem
1472 3661 1593 3726 Gnezn.
1617 3663 1658 3726 ad
1682 3663 1795 3729 Smum

239 3773 337 3834 dnum
361 3772 393 3832 K
406 3774 541 3834 azimi
556 3793 648 3834 rum
673 3772 702 3834 d.
727 3794 757 3854 g.
782 3772 909 3854 Regem
927 3771 1059 3833 Polonie
1076 3773 1107 3832 in
1124 3771 1268 3853 negociis
1284 3769 1414 3851 capituli
1431 3772 1531 3832 ituros
1548 3770 1794 3851 deputaverunt,

240 3879 357 3960 quibus
381 3899 441 3960 per
464 3878 624 3940 fertonem
647 3878 790 3940 dandum
814 3879 1036 3941 decreverunt.

453 4106 496 4169 A.
528 4120 625 4186 1475,
651 4103 806 4168 Octobris
831 4121 889 4187 25,
914 4107 945 4168 in
970 4108 1123 4188 capitulo.

346 4244 434 4312 652.
472 4247 534 4327 (ΙΙΙ.
564 4247 659 4328 160⁰).
694 4247 774 4311 ltem
798 4248 918 4311 ibidem
942 4270 1050 4313 vener.
1075 4249 1174 4311 dnum
1206 4248 1316 4312 Adam
1341 4249 1499 4312 decanum
1530 4250 1572 4312 ad
1602 4271 1793 4314 conven-

238 4355 313 4417 cio
325 4375 346 4415 n
359 4375 378 4416 e
390 4375 422 4416 m
446 4355 557 4436 Syra
571 4355 591 4417 d
607 4357 643 4418 ie
657 4376 734 4430 nse
748 4376 779 4417 m
803 4357 1011 4418 transiturum
1035 4377 1108 4419 cum
1133 4357 1283 4419 maximis
1307 4357 1520 4437 peticionibus
1544 4357 1793 4438 deputaverunt,

237 4463 287 4524 cui
321 4462 450 4523 racione
482 4481 699 4542 expensarum
735 4463 905 4524 duodecim
939 4483 1064 4526 marcas
1097 4464 1237 4526 dandum
1270 4463 1481 4527 decreverunt
1516 4475 1548 4528 et
1580 4465 1681 4527 eciam
1718 4468 1795 4528 assi·

238 4579 429 4652 gnaverunt.

453 4763 494 4827 A.
525 4765 623 4844 1476,
648 4763 814 4825 Februarii
843 4781 894 4843 13,
920 4765 952 4826 in
976 4763 1128 4846 capitulo.

343 4901 430 4969 653.
456 4905 526 4986 (ΙΙΙ.
550 4905 637 4985 40)..
663 4902 739 4989 [Dni
765 4905 879 4985 prelati
904 4915 937 4968 et
961 4906 1117 4989 canonici]
1142 4905 1381 4987 deputaverunt
1404 4906 1503 4968 dnum
1527 4908 1728 4988 prepositum
1751 4909 1793 4971 ad

236 5011 277 5072 R.
301 5011 403 5074 Mtem
428 5012 459 5073 in
485 5011 629 5092 negociis
652 5012 795 5086 ecclesie,
821 5024 854 5075 et
877 5012 951 5074 ideo
975 5013 1059 5074 circa
1083 5013 1346 5076 distribucionem
1371 5013 1445 5075 ville
1461 5013 1671 5095 Troyanowo
1688 5016 1794 5096 ipsum
1879 5004 1882 5012 ¹

236 5139 298 5198 pro
322 5132 475 5199 presente
499 5117 620 5180 habere
644 5119 825 5182 voluerunt.

450 5345 492 5410 A.
524 5347 621 5427 1476,
646 5347 713 5410 Iulii
740 5363 771 5426 3,
798 5348 829 5409 in
853 5347 996 5429 capitulo
1022 5349 1175 5430 generali.

346 5483 432 5552 654.
456 5487 525 5568 (IV.
552 5491 594 5568 8).
620 5488 723 5550 Rmus
747 5499 841 5570 pater
864 5489 947 5552 dnus
964 5490 1080 5571 Epus
1071 5491 1208 5556 mstrturt
1233 5492 1454 5572 synodum
1479 5491 1792 5632 dyocesanam

240 5614 302 5678 pro
326 5593 487 5657 dominica
510 5595 731 5658 Misericordia
754 5595 819 5658 Dni
841 5597 1079 5662 celebrandam.
